@article{rother2004grabcut,
  title={Grabcut: Interactive foreground extraction using iterated graph cuts},
  author={Rother, Carsten and Kolmogorov, Vladimir and Blake, Andrew},
  journal={ACM Transactions on Graphics (TOG)},
  volume={23},
  number={3},
  pages={309--314},
  year={2004},
  publisher={ACM}
}

@incollection{schwing2012efficient,
  title={Efficient exact inference for 3d indoor scene understanding},
  author={Schwing, Alexander G and Urtasun, Raquel},
  booktitle={Computer Vision--ECCV 2012},
  pages={299--313},
  year={2012},
  publisher={Springer}
}

@inproceedings{hedau2009recovering,
  title={Recovering the spatial layout of cluttered rooms},
  author={Hedau, Varsha and Hoiem, Derek and Forsyth, David},
  booktitle={Computer vision, 2009 IEEE 12th international conference on},
  pages={1849--1856},
  year={2009},
  organization={IEEE}
}

@inproceedings{bach2015unifying,
  title={Unifying Local Consistency and MAX SAT Relaxations for Scalable Inference with Rounding Guarantees},
  author={Bach, Stephen H and Huang, Bert and Getoor, Lise},
  booktitle={Proceedings of the Eighteenth International Conference on Artificial Intelligence and Statistics},
  pages={46--55},
  year={2015}
}

@book{ausiello1999complexity,
  title={Complexity and approximation: Combinatorial optimization problems and their approximability properties},
  author={Ausiello, Giorgio and Crescenzi, Pierluigi and Gambosi, Giorgio and Kann, Viggo and Marchetti-Spaccamela, Alberto and Protasi, Marco},
  year={1999},
  publisher={Springer}
}

@article{dahlhaus1994complexity,
  title={The complexity of multiterminal cuts},
  author={Dahlhaus, Elias and Johnson, David S. and Papadimitriou, Christos H. and Seymour, Paul D. and Yannakakis, Mihalis},
  journal={SIAM Journal on Computing},
  volume={23},
  number={4},
  pages={864--894},
  year={1994},
  publisher={SIAM}
}

@article{ishikawa2011transformation,
  title={Transformation of general binary MRF minimization to the first-order case},
  author={Ishikawa, Hiroshi},
  journal={Pattern Analysis and Machine Intelligence, IEEE Transactions on},
  volume={33},
  number={6},
  pages={1234--1249},
  year={2011},
  publisher={IEEE}
}

@inproceedings{rother2007optimizing,
  title={Optimizing binary MRFs via extended roof duality},
  author={Rother, Carsten and Kolmogorov, Vladimir and Lempitsky, Victor and Szummer, Martin},
  booktitle={Computer Vision and Pattern Recognition, 2007. CVPR'07. IEEE Conference on},
  pages={1--8},
  year={2007},
  organization={IEEE}
}


@article{orponen1987approximation,
  title={On approximation preserving reductions: complete problems and robust measures},
  author={Orponen, Pekka and Mannila, Heikki},
  year={1987},
  publisher={Citeseer}
}


@article{kappes2015comparative,
  title={A comparative study of modern inference techniques for structured discrete energy minimization problems},
  author={Kappes, J{\"o}rg H and Andres, Bjoern and Hamprecht, Fred A and Schn{\"o}rr, Christoph and Nowozin, Sebastian and Batra, Dhruv and Kim, Sungwoong and Kausler, Bernhard X and Kr{\"o}ger, Thorben and Lellmann, Jan and others},
  journal={International Journal of Computer Vision},
  volume={115},
  issue={2}
  pages={155--184},
  year={2015},
  publisher={Springer}
}

@article{prusa2015universality,
  title={Universality of the local marginal polytope},
  author={Prusa, Daniel and Werner, Tomas},
  journal={Pattern Analysis and Machine Intelligence, IEEE Transactions on},
  volume={37},
  number={4},
  pages={898--904},
  year={2015},
  publisher={IEEE}
}

@article{jeavons2014complexity,
  title={The complexity of valued constraint satisfaction},
  author={Jeavons, Peter and Krokhin, Andrei and {\v{Z}}ivn{\`y}, Stanislav and others},
  journal={Bulletin of EATCS},
  volume={2},
  number={113},
  year={2014}
}

@article{ishikawa2003exact,
  title={Exact optimization for Markov random fields with convex priors},
  author={Ishikawa, Hiroshi},
  journal={Pattern Analysis and Machine Intelligence, IEEE Transactions on},
  volume={25},
  number={10},
  pages={1333--1336},
  year={2003},
  publisher={IEEE}
}

@article{boykov2001approximate,
  author = {Yuri Boykov and Olga Veksler and Ramin Zabih},
  title = {Fast Approximate Energy Minimization via Graph Cuts},
  journal = {IEEE Transactions on Pattern Analysis and Machine Intelligence},
  volume = {23},
  issue = {11},
  pages = {1222--1239},
  month = {November},
  year = {2001},
  url = {http://www.csd.uwo.ca/~yuri/Abstracts/pami01-abs.shtml}
}

@misc{Authors14b,
 author = {Authors},
 title = {Frobnication tutorial},
 note = {Supplied as additional material {\tt tr.pdf}},
 year = 2014
}

@article{Alpher02,
author = {A. Alpher},
title = {Frobnication},
journal = {Journal of Foo},
volume = 12, 
number = 1, 
pages = {234--778}, 
year = 2002
}

@article{Alpher03,
author = {A. Alpher and  J.~P.~N. Fotheringham-Smythe},
title = {Frobnication revisited},
journal = {Journal of Foo},
volume = 13, 
number = 1, 
pages = {234--778}, 
year = 2003
}

@article{Alpher04,
author = {A. Alpher and J.~P.~N. Fotheringham-Smythe and G. Gamow},
title = {Can a machine frobnicate?},
journal = {Journal of Foo},
volume = 14, 
number = 1, 
pages = {234--778}, 
year = 2004
}
