@ARTICLE{Kleinberg99,
  author = {Kleinberg, J. and Tardos, \'{E}.},
  title = {Approximation algorithms for classification problems with pairwise
	relationships: metric labeling and {M}arkov random fields},
  journal = {J. ACM},
  year = {2002},
  volume = {49},
  pages = {616--639},
  number = {5},
  month = sep,
  acmid = {585268},
  address = {New York, NY, USA},
  doi = {10.1145/585265.585268},
  file = {:/export/home/pswoboda/svn/paper/ApproximationAlgorithmsForClassificationProblemsWithPairwiseRelationshipsTardosKleinberg.pdf:PDF},
  issn = {0004-5411},
  issue_date = {September 2002},
  keywords = {Approximation algorithms, Markov random fields, classification, metric
	labeling},
  numpages = {24},
  publisher = {ACM},
  url = {http://doi.acm.org/10.1145/585265.585268}
}

@Book{SchlesingerHlavac2002,
  IS = { zkontrolovano 06 Jan 2003 },
  UPDATE  = { 2002-11-29 },
  author =      {Schlesinger, Michail I. and Hlav{\' a}{\v c}, V{\' a}clav},
  title =       {Ten lectures on statistical and structural
                 pattern recognition},
  year =        {2002},
  pages =       {519},
  series =      {Computational Imaging and Vision},
  volume =      {24},
  publisher =   {Kluwer Academic Publishers},
  address =     {Dordrecht, The Netherlands},
  isbn =        {1-4020-0642-X},
  authorship =  {50-50},
  keywords =    {pattern recognition, bayesian recognition},
  type =        {book},
  project =     {MSM 212300013,GACR 102/00/1679},
}

@book{Pearl-88,
  author = {J. Pearl}, 
  title = {Probabilistic Reasoning in Intelligent Systems: Networks of Plausible Inference}, 
  year = 1988, 
  publisher = {Morgan Kaufmann Publishers Inc.}
} 

@INPROCEEDINGS{Felzenszwalb-10-Tiered, 
author={P. F. Felzenszwalb and O. Veksler}, 
booktitle={Computer Vision and Pattern Recognition (CVPR), 2010 IEEE Conference on}, 
title={Tiered scene labeling with dynamic programming}, 
year={2010}, 
pages={3097-3104}, 
keywords={computer vision;dynamic programming;image segmentation;computer vision problems;dynamic programming;geometric class labeling;image segmentation;pixel labeling;tiered scene labeling;treewidth structure;Application software;Computer vision;Dynamic programming;Heuristic algorithms;Image segmentation;Labeling;Layout;Optimization methods;Pixel;Shape}, 
doi={10.1109/CVPR.2010.5540067}, 
ISSN={1063-6919}, 
month={June},}

@inproceedings{BatraGPC10,
  added-at = {2014-07-30T00:00:00.000+0200},
  author = {Batra, Dhruv and Gallagher, Andrew C. and Parikh, Devi and Chen, Tsuhan},
  biburl = {http://www.bibsonomy.org/bibtex/2bf6c74559ccb6031a41db0328a99ff6b/dblp},
  booktitle = {CVPR},
  crossref = {conf/cvpr/2010},
  ee = {http://doi.ieeecomputersociety.org/10.1109/CVPR.2010.5539951},
  interhash = {0ae9b80b46ae4cec0e8fad860582387d},
  intrahash = {bf6c74559ccb6031a41db0328a99ff6b},
  isbn = {978-1-4244-6984-0},
  keywords = {dblp},
  pages = {2496-2503},
  publisher = {IEEE Computer Society},
  timestamp = {2015-06-19T16:09:09.000+0200},
  title = {Beyond trees: MRF inference via outer-planar decomposition.},
  url = {http://dblp.uni-trier.de/db/conf/cvpr/cvpr2010.html#BatraGPC10},
  year = 2010
}

@InBook{Zivny-Werner-Prusa-ASP-MIT2014,
  IS = { zkontrolovano 08 Jan 2015 },
  UPDATE  = { 2014-12-16 },
  author =      {{\v Z}ivn{\' y}, Stanislav and Werner, Tom{\' a}{\v
                  s} and Pr{\r u}{\v s}a, D aniel},
  affiliation = {NULL-13133-13133},
  title =       {The Power of LP Relaxation for MAP Inference},
  book_title =  {Advanced Structured Prediction},
  year =        {2014},
  month =       {December},
  pages = {19-42},
 authorship = {40-30-30},
editor =      {Nowozin, Sebastian and Gehler, Peter V. and Jancsary,
                  Jeremy and Lampert, Christoph H.},
  publisher =   {The MIT Press},
  address =     {Cambridge, USA},
  isbn =        {978-0-262-02837-0},
  book_pages =  {456},
}

@article{Topkis-78,
 ISSN = {0030364X, 15265463},
 URL = {http://www.jstor.org/stable/169636},
 abstract = {This paper gives general conditions under which a collection of optimization problems, with the objective function and the constraint set depending on a parameter, has optimal solutions that are an isotone function of the parameter. Relating to this, we present a theory that explores and elaborates on the problem of minimizing a submodular function on a lattice.},
 author = {Donald M. Topkis},
 journal = {Operations Research},
 number = {2},
 pages = {305-321},
 publisher = {INFORMS},
 title = {Minimizing a Submodular Function on a Lattice},
 volume = {26},
 year = {1978}
}

@Inbook{Cohen-04,
author="Cohen, David
and Cooper, Martin
and Jeavons, Peter",
editor="Wallace, Mark",
chapter="A Complete Characterization of Complexity for Boolean Constraint Optimization Problems",
title="Principles and Practice of Constraint Programming -- CP 2004: 10th International Conference, CP 2004, Toronto, Canada, September 27 -October 1, 2004. Proceedings",
year="2004",
publisher="Springer Berlin Heidelberg",
address="Berlin, Heidelberg",
pages="212--226",
isbn="978-3-540-30201-8",
doi="10.1007/978-3-540-30201-8_18",
url="http://dx.doi.org/10.1007/978-3-540-30201-8_18"
}

@article{Papadimitriou-91,
title = "Optimization, approximation, and complexity classes ",
journal = "Journal of Computer and System Sciences ",
volume = "43",
number = "3",
pages = "425 - 440",
year = "1991",
note = "",
issn = "0022-0000",
doi = "http://dx.doi.org/10.1016/0022-0000(91)90023-X",
url = "http://www.sciencedirect.com/science/article/pii/002200009190023X",
author = "Christos H. Papadimitriou and Mihalis Yannakakis",
abstract = "We define a natural variant of NP, \{MAX\} NP, and also a subclass called \{MAX\} SNP. These are classes of optimization problems, and in fact contain several natural, well-studied ones. We show that problems in these classes can be approximated with some bounded error. Furthermore, we show that a number of common optimization problems are complete for \{MAX\} \{SNP\} under a kind of careful transformation (called L-reduction) that preserves approximability. It follows that such a complete problem has a polynomial-time approximation scheme iff the whole class does. These results may help explain the lack of progress on the approximability of a host of optimization problems. "
}

@Inbook{Kwisthout-13,
author="Kwisthout, Johan",
editor="Gaag, Linda C.",
chapter="Structure Approximation of Most Probable Explanations in Bayesian Networks",
title="Symbolic and Quantitative Approaches to Reasoning with Uncertainty: 12th European Conference, ECSQARU 2013, Utrecht, The Netherlands, July 8-10, 2013. Proceedings",
year="2013",
publisher="Springer Berlin Heidelberg",
address="Berlin, Heidelberg",
pages="340--351",
isbn="978-3-642-39091-3",
doi="10.1007/978-3-642-39091-3_29",
url="http://dx.doi.org/10.1007/978-3-642-39091-3_29"
}

@inproceedings{Karp-72,
  author    = {Richard M. Karp},
  title     = {Reducibility Among Combinatorial Problems},
  booktitle = {Proceedings of a symposium on the Complexity of Computer Computations,
               held March 20-22, 1972, at the {IBM} Thomas J. Watson Research Center,
               Yorktown Heights, New York.},
  pages     = {85--103},
  year      = {1972},
  crossref  = {DBLP:conf/coco/1972},
  url       = {http://www.cs.berkeley.edu/~luca/cs172/karp.pdf},
  timestamp = {Tue, 13 Sep 2011 20:52:52 +0200},
  biburl    = {http://dblp.uni-trier.de/rec/bib/conf/coco/Karp72},
  bibsource = {dblp computer science bibliography, http://dblp.org}
}

@incollection{Karp-10,
  author    = {Richard M. Karp},
  title     = {Reducibility Among Combinatorial Problems},
  booktitle = {50 Years of Integer Programming 1958-2008 - From the Early Years to
               the State-of-the-Art},
  pages     = {219--241},
  year      = {2010},
  crossref  = {DBLP:books/daglib/0023873},
  url       = {http://dx.doi.org/10.1007/978-3-540-68279-0_8},
  doi       = {10.1007/978-3-540-68279-0_8},
  timestamp = {Sun, 16 Feb 2014 12:04:52 +0100},
  biburl    = {http://dblp.uni-trier.de/rec/bib/books/daglib/p/Karp10},
  bibsource = {dblp computer science bibliography, http://dblp.org}
}

@misc{wikipedia,
	title = {Wikipedia, the free encyclopedia},
	url = {https://en.wikipedia.org},
	year = {-}
}
 
@inproceedings{Schraudolph-10,
  added-at = {2013-11-25T00:00:00.000+0100},
  author = {Schraudolph, Nic},
  biburl = {http://www.bibsonomy.org/bibtex/208a44423788444704674aa0aa5bde7e2/dblp},
  booktitle = {AISTATS},
  crossref = {conf/aistats/2010},
  editor = {Teh, Yee Whye and Titterington, D. Mike},
  ee = {http://www.jmlr.org/proceedings/papers/v9/schraudolph10a.html},
  interhash = {b85f718831b40d554f957ff6a7f1da59},
  intrahash = {08a44423788444704674aa0aa5bde7e2},
  keywords = {dblp},
  pages = {717-724},
  publisher = {JMLR.org},
  series = {JMLR Proceedings},
  timestamp = {2015-06-18T19:53:55.000+0200},
  title = {Polynomial-Time Exact Inference in {NP}-Hard Binary {MRF}s via Reweighted Perfect Matching.},
  url = {http://dblp.uni-trier.de/db/journals/jmlr/jmlrp9.html#Schraudolph10},
  volume = 9,
  year = 2010
}

@ARTICLE{Shih-90, 
author={Wei-Kuan Shih and Sun Wu and Y. S. Kuo}, 
journal={IEEE Transactions on Computers}, 
title={Unifying maximum cut and minimum cut of a planar graph}, 
year={1990}, 
volume={39}, 
number={5}, 
pages={694-697}, 
keywords={computational complexity;graph theory;maximum cut;minimum cut;nonnegative edge weights;planar graph;Councils;Graph theory;Information science;Joining processes;Particle separators;Polynomials;Sun;Upper bound}, 
doi={10.1109/12.53581}, 
ISSN={0018-9340}, 
month={May},}

@inproceedings{Sy-92,
 author = {Sy, Bon K.},
 title = {Reasoning {MPE} to Multiply Connected Belief Networks Using Message Passing},
 booktitle = {Proceedings of the Tenth National Conference on Artificial Intelligence},
 series = {AAAI'92},
 year = {1992},
 isbn = {0-262-51063-4},
 location = {San Jose, California},
 pages = {570--576},
 numpages = {7},
 url = {http://dl.acm.org/citation.cfm?id=1867135.1867223},
 acmid = {1867223},
 publisher = {AAAI Press},
} 

@article{Kwisthout-11,
title = "Most probable explanations in {B}ayesian networks: Complexity and tractability ",
journal = "International Journal of Approximate Reasoning ",
volume = "52",
number = "9",
pages = "1452 - 1469",
year = "2011",
note = "Handling Incomplete and Fuzzy Information in Data Analysis and Decision Processes ",
issn = "0888-613X",
doi = "http://dx.doi.org/10.1016/j.ijar.2011.08.003",
url = "http://www.sciencedirect.com/science/article/pii/S0888613X11001095",
author = "Johan Kwisthout",
keywords = "Bayesian networks",
keywords = "Most probable explanation",
keywords = "Computational complexity",
keywords = "Approximation",
keywords = "Fixed parameter tractability ",
abstract = "One of the key computational problems in Bayesian networks is computing the maximal posterior probability of a set of variables in the network, given an observation of the values of another set of variables. In its most simple form, this problem is known as the MPE-problem. In this paper, we give an overview of the computational complexity of many problem variants, including enumeration variants, parameterized problems, and approximation strategies to the MPE-problem with and without additional (neither observed nor explained) variables. Many of these complexity results appear elsewhere in the literature; other results have not been published yet. The paper aims to provide a fairly exhaustive overview of both the known and new results. "
}

@article{Cooper-90,
title = "The computational complexity of probabilistic inference using {B}ayesian belief networks",
journal = "Artificial Intelligence",
volume = "42",
number = "2",
pages = "393 - 405",
year = "1990",
note = "",
issn = "0004-3702",
doi = "http://dx.doi.org/10.1016/0004-3702(90)90060-D",
url = "http://www.sciencedirect.com/science/article/pii/000437029090060D",
author = "Gregory F. Cooper",
abstract = "Bayesian belief networks provide a natural, efficient method for representing probabilistic dependencies among a set of variables. For these reasons, numerous researchers are exploring the use of belief networks as a knowledge representation in artificial intelligence. Algorithms have been developed previously for efficient probabilistic inference using special classes of belief networks. More general classes of belief networks, however, have eluded efforts to develop efficient inference algorithms. We show that probabilistic inference using belief networks is NP-hard. Therefore, it seems unlikely that an exact algorithm can be developed to perform probabilistic inference efficiently over all classes of belief networks. This result suggests that research should be directed away from the search for a general, efficient probabilistic inference algorithm, and toward the design of efficient special-case, average-case, and approximation algorithms."
}

@article{Abdelbar-98,
title = "Approximating {MAP}s for belief networks is {NP}-hard and other theorems",
keywords = "Bayesian belief networks, Complexity, Dynamic abduction, Next-best explanation, Probabilistic reasoning: Uncertainty, Satisfiability",
author = "Abdelbar, {Ashraf M.} and Hedetniemi, {Sandra M.}",
year = "1998",
month = "6",
volume = "102",
pages = "21--38",
journal = "Artificial Intelligence",
issn = "0004-3702",
number = "1",
}

@article{Shimony-94,
  author = {Shimony, Solomon Eyal},
  ee = {http://dx.doi.org/10.1016/0004-3702(94)90072-8},
  journal = {Artif. Intell.},
  keywords = {dblp},
  number = "2",
  pages = {399-410},
  timestamp = {2011-07-01T11:34:32.000+0200},
  title = {Finding {MAP}s for Belief Networks is {NP}-Hard.},
  url = {http://dblp.uni-trier.de/db/journals/ai/ai68.html#Shimony94},
  volume = "68",
  year = "1994"
}

@article{Hochbaum-2001-MRF,
 author = {Hochbaum, Dorit S.},
 title = {An Efficient Algorithm for Image Segmentation, Markov Random Fields and Related Problems},
 journal = {J. ACM},
 issue_date = {July 2001},
 volume = {48},
 number = {4},
 month = jul,
 year = {2001},
 issn = {0004-5411},
 pages = {686--701},
 numpages = {16},
 url = {http://doi.acm.org/10.1145/502090.502093},
 doi = {10.1145/502090.502093},
 acmid = {502093},
 xpublisher = {ACM},
 xaddress = {New York, NY, USA},
 keywords = {Convex optimization, Markov random fields, parametric minimum cut, strongly polynomial algorithms},
} 

@misc{PIC,
	title = {{The Probabilistic Inference Challenge}},
	url = {http://www.cs.huji.ac.il/project/PASCAL/},
	year = "2011"
}

@misc{CPLEX,
	title = {{IBM ILOG CPLEX} {O}ptimization {S}tudio {V}12.5},
	year = "-"
}

@misc{suppl,
  author = {Authors},
  title = {\mytitle: Supplementary Material},
  year = {2016},
}

@article{Picard-77,
year={1977},
issn={0025-5610},
journal={Mathematical Programming},
volume={12},
number={1},
doi={10.1007/BF01593772},
title={On the integer-valued variables in the linear vertex packing problem},
url={http://dx.doi.org/10.1007/BF01593772},
publisher={Springer-Verlag},
author={Picard, Jean-Claude and Queyranne, Maurice},
pages={97-101},
language={English}}



@article{shekhovtsov-15-HO,
  title={Higher Order Maximum Persistency and Comparison Theorems},
  author={Shekhovtsov, Alexander},
  year = {2015},
  note = {accepted},
  url  = {http://arxiv.org/abs/1505.00571},
  journal = {CVIU}
}

@inproceedings{SSS-15-IRI,
  title={Maximum Persistency via Iterative Relaxed Inference with Graphical Models},
  author={Shekhovtsov, A. and Swoboda, P. and Savchynskyy, B.},
  booktitle = CVPR,
  year={2015},
}


@ARTICLE{Swoboda-ArXiv2014,
   author = {Swoboda, P. and Shekhovtsov, A. and Kappes, J.~H. and Schn{\"o}rr, C. and Savchynskyy, B.},
    title = {Partial Optimality by Pruning for {MAP}-Inference with General Graphical Models},
  journal = CoRR,
volume    = {abs/1410.6641},
archivePrefix = {arXiv},
   eprint = {1410.6641},
 primaryClass = {cs.AI},
 keywords = {Computer Science - Artificial Intelligence},
     year = {2014},
    month = {Oct},
   adsurl = {http://adsabs.harvard.edu/abs/2014arXiv1410.6641S},
  adsnote = {Provided by the SAO/NASA Astrophysics Data System}
}

@TECHREPORT{shekhovtsov-14-TR,
    author = {Alexander Shekhovtsov},
    title = {Maximum Persistency in Energy Minimization},
    institution = {Graz University of Technology},
    year = {2014},
    xnumber = {no number},
}

@inproceedings{shekhovtsov-14-pre,
  title={Maximum Persistency in Energy Minimization},
  author={Shekhovtsov, A.},
  booktitle={CVPR},
  pages={8},
  xnote={to appear},
  year={2014},
}

@INPROCEEDINGS{shekhovtsov-14, 
author={Shekhovtsov, A.}, 
booktitle = CVPR, 
title={Maximum Persistency in Energy Minimization}, 
year={2014}, 
month={June}, 
pages={1162-1169}, 
doi={10.1109/CVPR.2014.152},}


@PhDThesis{shekhovtsov-phd,
  author =       {Shekhovtsov, Alexander},
  supervisor =   {Hlav{\'a}{\v c}, V{\'a}clav},
  title =        {Exact and Partial Energy Minimization in Computer Vision},
  xschool =       {Center for Machine Perception, K13133 FEE Czech Technical University in Prague},
  school =       {Czech Technical University in Prague},
  year =         {2013},
  xtype =         {{PhD Thesis CTU--CMP--2013--24}},
  type =         {{PhD Thesis}},
  issn =         {1213-2365},
}

@inproceedings{jancosek2009scalable,
  title={Scalable multi-view stereo},
  author={Janco{\v s}ek, M. and Shekhovtsov, A. and Pajdla, T.},
  booktitle={Computer Vision Workshops at International Conference on Computer Vision},
  pages={1526--1533},
  year={2009},
}


@Article{shekhovtsov-12-mixed_maxflow,
  key =        {},
  author =     {Alexander Shekhovtsov and V{\'a}clav Hlav{\'a}{\v c}},
  title =      {A Distributed Mincut/Maxflow Algorithm Combining Path Augmentation and Push-Relabel},
  year =       {2012},
  pages =      {28},
  doi =        {10.1007/s11263-012-0571-2},
  journal =    {International Journal of Computer Vision},
  publisher =  {Springer},
  issn =       {0920-5691},
  psurl       = {<a href="http://www.springerlink.com/content/350n197j80000q14/">[www.springerlink.com]</a>},
}

@InProceedings{shekhovtsov-2012-curvature,
  author =      {Alexander Shekhovtsov and Pushmeet Kohli and Carsten Rother},
  title =       {Curvature Prior for {MRF}-based Segmentation and Shape Inpainting},
  year =        {2012},
  pages =       {41-51},
  booktitle =   {{DAGM/OAGM}},
  editor =      {Axel Pinz, Thomas Pock, Horst Bischof, Franz Leberl},
  isbn =        {978-3-642-32716-2},
  month =       {August},
  doi =         {10.1007/978-3-642-32717-9},
}

@InProceedings{shekhovtsov-10-TV-GMM-ICPR,
  author =  {Shekhovtsov, Alexander and Hlav{\'a}{\v c}, V{\'a}clav},
  title =  {Joint Image {GMM} and Shading {MAP} Estimation},
  journaltitle = {ICPR},
  year =  {2010}
}

@InProceedings{shekhovtsov-08-label-decomposition,
author = {Shekhovtsov, A. and V{\'a}clav Hlav{\'a}{\v c}},
title= {A Lower Bound by One-against-all Decomposition for {P}otts Model Energy Minimization},
booktitle={Computer Vision Winter Workshop},
year={2008},
language={english}
}

@InProceedings{kohli:icml08,
   author = {P. Kohli and A. Shekhovtsov and C. Rother and V. Kolmogorov and P. Torr},
   title = {On partial optimality in multi-label {MRF}s},
   booktitle = ICML,
   location = {Helsinki, Finland},
   editor = {Andrew McCallum and Sam Roweis},
   publisher = {Omnipress},
   year = {2008},
   pages = {480--487}
}

@article{shekhovtsov-11-aux_submodular,
author = {Shekhovtsov, A. and V{\'a}clav Hlav{\'a}{\v c}},
title= {On Partial Opimality by Auxiliary Submodular Problems},
journal={Control Systems and Computers},
year={2011},
number={2},
note={Special issue}
}

@TechReport{Shekhovtsov-07-binary-TR,
  author = {Shekhovtsov, A. and Kolmogorov, V. and Kohli, P. and Hlavac, V. and Rother, C. and Torr, P.},
  title = {{LP}-relaxation of binarized energy minimization},
  year = {2008},
  xmonth = {December},
  institution = {Czech Technical University},
  xxtype = {.\ Research Report},
	number =      {{CTU--CMP}--2007--27},
	issn =        {1213-2365},
}

@InProceedings{shekhovtsov-07-deform-mrf,
	author = {Shekhovtsov, A. and Kovtun, I. and V{\'a}clav Hlav{\'a}{\v c}},
	title= {Efficient {MRF} Deformation Model for Non-Rigid Image Matching},
	booktitle=CVPR,
	year={2007},
	language={english},
	xnote = {Authorship 33-33-33}
}

@ARTICLE{shekhovtsov-05-SM,
author = {Shekhovtsov, A.},
title= {Supermodular decomposition of structural labeling problem},
journal={Control Systems and Computers},
xnumber = {1},
volume = {1},
year={2006},
language={english},
issn = {0130-5395},
pages = {39--48},
url={http://cmp.felk.cvut.cz/~shekhovt/publications/shekhovtsov-SM-05-art-en.pdf}
}

@TechReport{Shekhovtsov-TR-2011-11,
  author = {Alexander Shekhovtsov and Pushmeet Kohli and Carsten Rother},
  title = {Curvature Prior for {MRF}-based Segmentation and Shape Inpainting},
  institution = {Center for Machine Perception, K13133 FEE Czech Technical University},
  address = {Prague, Czech Republic},
  year = {2011},
  month = {September},
  xxtype = {Research Report},
  number = {{CTU--CMP}--2011--11},
  issn = {1213-2365},
  pages = {17},
  figures = {16}
}

@TechReport{Shekhovtsov-TR-2006-08,
  author = {Shekhovtsov, Alexander and Kovtun, Ivan and Hlav{\'a}{\v c}, V{\'a}clav},
  title = {Efficient {MRF} Deformation Model for Image Matching},
  institution = {Center for Machine Perception, Czech Technical University},
  year = {2006},
  month = {October},
  xtype = {Research Report},
  number = {{CTU--CMP}--2006--08},
}

@InProceedings{Shekhovtsov-Garcia-Werner-08-nordia,
  author =      {Shekhovtsov, Alexander and Garcia-Arteaga, Juan David and Werner, Tomas},  
  title =       {A Discrete Search Method for Multi-modal Non-Rigid Image Registration},  
  year =        {2008},  
  pages =       {6},  
  xbooktitle =   {Workshop on Non-Rigid Shape Analysis and Deformable Image Alignment at International Conference on }#CVPR,
  month =       {June},  
  }

@Article{Shekhovtsov-Kovtun-Hlavac-08-CVIU,
  author =      {Shekhovtsov, Alexander and Kovtun, Ivan and Hlav{\'a}{\v c}, V{\'a}clav},  
  title =       {Efficient {MRF} Deformation Model for Non-Rigid Image Matching},
  pages =       {91-99},
  journal =     {Computer Vision and Image Understanding},
  volume =      {112},
  year =        {2008},
  publisher =   {ELSEVIER},
}


@InProceedings{Werner-CVWW07,
  IS = { zkontrolovano 13 Dec 2007 },
  UPDATE  = { 2007-07-24 },
  author =     {Tom{\'a}{\v s} Werner and Alexander Shekhovtsov},
  title =      {Unified Framework for Semiring-Based Arc Consistency and Relaxation Labeling},
  booktitle =  {CVWW 2007: Proceedings of the 12th Computer Vision Winter Workshop},
  pages =      {27--34},
  year =       {2007},
  editor =     {Michael Grabner and Helmut Grabner},
  month =      {February},
  publisher =  {Verlag der Technischen Universit{\"a}t Graz},
  address =    {Technikerstr. 4, A-8010, Graz, Austria},
  isbn =       {978-3-902465-60-3},
  book_pages = {156},
  authorship = {60-40},
}


@INPROCEEDINGS{Schlesinger04ahigher,
    author = {Dmitrij Schlesinger and Boris Flach and Er Shekhovtsov},
    title = {A higher order {MRF} model for stereo reconstruction},
    booktitle = {DAGM},
    xvolume = {3175},
    year = {2004},
    pages = {440--446},
    authorship = {45-45-10},
}

@TechReport{Shekhovtsov-CAK-2010-35,
  author =  {Shekhovtsov, Alexander and Hlav{\'a}{\v c}, V{\'a}clav},
  title =  {Joint Image {GMM} and Shading {MAP} Estimation},
  institution =  {Department of Cybernetics, Faculty of Electrical Engineering
                  Czech Technical University},
  address =  {Prague, Czech Republic},
  year =  {2010},
  month =  {January},
  xtype =  {Research Report},
  number =  {{K333}--35/10, {CTU--CMP}--2010--03},
  pages =  {15},
  figures =  {4},
  authorship =  {},
}

@TechReport{Shekhovtsov-CAK-2011-43,
  author = {Shekhovtsov, Alexander and V{\'a}clav Hlav{\'a}{\v c}},
  title = {A Distributed Mincut/Maxflow Algorithm Combining Path Augmentation and Push-Relabel},
  institution = {Department of Cybernetics, Faculty of Electrical Engineering Czech Technical University},
  address = {Prague, Czech Republic},
  year = {2011},
  month = {June},
  xtype = {Research Report},
  number = {{K333}--43/11, {CTU}--CMP--2011--03},
  pages = {41},
  figures = {15},
}

@article{Balinski-65,
author = {M. L. Balinski},
title = {Integer Programming: Methods, Uses, Computations},
journal = {Management Science},
volume = {12},
number = {3},
pages = {253-313},
year = {1965},
eprint = { 
        http://dx.doi.org/10.1287/mnsc.12.3.253   
}
}

@article{Lorentzen-66,
 author = "Lorentzen, Lars-Chr",
 title = "Notes on covering of arcs by nodes in an undirected graph",
 year = 1966,
}

@InProceedings{Thapper-13,
  author      =  "Johan Thapper and Stanislav \v{Z}ivn\'y",
  title       =  "The complexity of finite-valued {C}{S}{P}s",
  year        =  "2013",
  booktitle   =  "Symposium on the Theory of Computing (STOC)",
  publisher   =  "ACM",
  pages       =  "695--704",
  doi         =  "10.1145/2488608.2488697",
  url         =  "http://www.cs.ox.ac.uk/Stanislav.Zivny/homepage/publications/tz13stoc-preprint.pdf"
}

@InProceedings{Thapper-12,
  author      =  "Johan Thapper and Stanislav \v{Z}ivn\'y",
  title       =  "The power of linear programming for valued {C}{S}{P}s",
  year        =  "2012",
  booktitle   =  "Symposium on Foundations of Computer Science (FOCS)",
  publisher   =  "IEEE",
  pages       =  "669--678",
  doi         =  "10.1109/FOCS.2012.25",
  url         =  "http://www.cs.ox.ac.uk/Stanislav.Zivny/homepage/publications/tz12focs-preprint.pdf"
}

@TECHREPORT{Orponen90onapproximation,
    author = {Pekka Orponen and Heikki Mannila},
    title = {On Approximation Preserving Reductions: Complete Problems and Robust Measures (Revised Version)},
    institution = {},
    year = {1990}
}

@article{Ishikawa-11,
        AUTHOR = "Ishikawa, H.",
        TITLE = "Transformation of General Binary {MRF} Minimization to the First-Order Case",
        JOURNAL = {PAMI},
        VOLUME = "33",
        YEAR = "2011",
        NUMBER = "6",
        MONTH = "June",
        PAGES = "1234-1249",
	}

@inproceedings{Boros-12,
  author = {Boros, Endre and Gruber, Aritanan},
  booktitle = {ISAIM},
  xcrossref = {conf/isaim/2012},
  keywords = {dblp},
  timestamp = {2012-02-09T00:00:00.000+0100},
  title = {On quadratization of pseudo-{B}oolean functions.},
  year = 2012
}

@article{AdamsS05,
  author    = {Warren P. Adams and
               Hanif D. Sherali},
  title     = {A Hierarchy of Relaxations Leading to the Convex Hull Representation
               for General Discrete Optimization Problems},
  journal   = {Annals OR},
  volume    = {140},
  number    = {1},
  year      = {2005},
  pages     = {21-47},
  xee        = {http://dx.doi.org/10.1007/s10479-005-3966-4},
  xbibsource = {DBLP, http://dblp.uni-trier.de}
}

@article{SheraliA90,
  author    = {Hanif D. Sherali and Warren P. Adams},
  title     = {A Hierarchy of Relaxations Between the Continuous and Convex Hull Representations for Zero-One Programming Problems},
  journal   = {SIAM J. Discrete Math.},
  volume    = {3},
  number    = {3},
  year      = {1990},
  pages     = {411-430},
  xee        = {http://dx.doi.org/10.1137/0403036},
  xbibsource = {DBLP, http://dblp.uni-trier.de}
}

@article{Lu-Williams-1987,
 author = {Lu, S. H. and Williams, A. C.},
 title = {Roof duality for polynomial 0-1 optimization},
 journal = {Mathematical Programming},
 issue_date = {May 1, 1987},
 volume = {37},
 number = {3},
 month = may,
 year = {1987},
 issn = {0025-5610},
 pages = {357--360},
 numpages = {4},
 xurl = {http://dx.doi.org/10.1007/BF02591742},
 xdoi = {10.1007/BF02591742},
 xacmid = {31672},
 xpublisher = {Springer-Verlag New York, Inc.},
 xaddress = {Secaucus, NJ, USA},
} 

@article{Ishikawa-11-transform,
author = {Hiroshi Ishikawa},
title = {Transformation of General Binary {MRF} Minimization to the First-Order Case},
journal =PAMI,
volume = {33},
number = {6},
issn = {0162-8828},
year = {2011},
pages = {1234-1249},
xdoi = {http://doi.ieeecomputersociety.org/10.1109/TPAMI.2010.91},
xpublisher = {IEEE Computer Society},
xaddress = {Los Alamitos, CA, USA},
}

@inproceedings{Kolmogorov10-bisub,
  author    = {Vladimir Kolmogorov},
  title     = {Generalized roof duality and bisubmodular functions},
  booktitle = NIPS,
  year      = {2010},
  pages     = {1144-1152},
  xee        = {http://books.nips.cc/papers/files/nips23/NIPS2010_0059.pdf},
  xcrossref  = {DBLP:conf/nips/2010},
  xbibsource = {DBLP, http://dblp.uni-trier.de}
}

@article{Kolmogorov12-bisub,
  author    = {Vladimir Kolmogorov},
  title     = {Generalized roof duality and bisubmodular functions},
  journal   = {Discrete Applied Mathematics},
  volume    = {160},
  number    = {4-5},
  year      = {2012},
  pages     = {416-426},
  xee        = {http://dx.doi.org/10.1016/j.dam.2011.10.026},
  xbibsource = {DBLP, http://dblp.uni-trier.de}
}

@inproceedings{KahlS11,
  author    = {Fredrik Kahl and
               Petter Strandmark},
  title     = {Generalized roof duality for pseudo-{B}oolean optimization},
  booktitle = ICCV,
  year      = {2011},
  pages     = {255-262},
  xee        = {http://dx.doi.org/10.1109/ICCV.2011.6126250},
  xcrossref  = {DBLP:conf/iccv/2011},
  xbibsource = {DBLP, http://dblp.uni-trier.de}
}

@article{Adams:1998,
 author = {Adams, Warren P. and Lassiter, Julie Bowers and Sherali, Hanif D.},
 title = {Persistency in 0-1 Polynomial Programming},
 journal = {Mathematics of Operations Research},
 issue_date = {February 1998},
 volume = {23},
 number = {2},
 month = feb,
 year = {1998},
 issn = {0364-765X},
 pages = {359--389},
 numpages = {31},
 xurl = {http://dx.doi.org/10.1287/moor.23.2.359},
 xdoi = {10.1287/moor.23.2.359},
 xacmid = {291874},
 xpublisher = {INFORMS},
 xaddress = {Institute for Operations Research and the Management Sciences (INFORMS), Linthicum, Maryland, USA},
} 


@article{Nemhauser-75,
author={Nemhauser, G. L. and Trotter, Jr., L. E.},
year={1975},
issn={0025-5610},
title={Vertex packings: Structural properties and algorithms},
journal={Mathematical Programming},
volume={8},
issue={1},
xdoi={10.1007/BF01580444},
xurl={http://dx.doi.org/10.1007/BF01580444},
xpublisher={Springer-Verlag},
pages={232-248},
language={English}
}

@article{Hammer:OR68,
  author =   {P. L. Hammer},
  title =    {Some network flow problems solved with pseudo-{B}oolean 
programming},
  journal =  "Operation Research",
  volume = "13",
  pages = "388--399",
  year = 1965
}

@TechReport{Boros:TR06-probe,
  author =   {E. Boros and P. L. Hammer and G. Tavares},
  title =    {Preprocessing of Unconstrained Quadratic Binary Optimization},
  institution =  {RUTCOR},
  year =     2006,
  month =    apr,
  number =   {{RRR} 10-2006}
}

@techreport{Tavares:TR06,
 author={Endre Boros and Peter L. Hammer and R. Sun and Gabriel Tavares},
 title={A max-flow approach to improved lower bounds for quadratic 0-1 minimization},
 institution={RUTCOR},
 year={2006},
 month={July}
}

@article{BorosHammer02,
author={E. Boros and P.L. Hammer},
title={Pseudo-{B}oolean Optimization},
journal={Discrete Applied Mathematics},
number={123},
volume={1-3},
year={2002},
pages={155-225}
}

@techreport{BorosHammer01,
 author={E. Boros and P.L. Hammer},
 title={Pseudo-{B}oolean Optimization},
 institution={RUTCOR},
 year={2001},
 month={October}
}

@inproceedings{pb1,
 author = {Warren E. Adams and Alain Billionnet and Alain Sutter},
 title = {Unconstrained 0\-1 optimization and Lagrangian relaxation},
 booktitle = {Selected papers on First international colloquium on pseudo-{B}oolean optimization and related topics},
 year = {1990},
 pages = {131--142},
 location = {Chexbres, Switzerland},
 doi = {http://dx.doi.org/10.1016/0166-218X(90)90139-4},
 publisher = {Elsevier Science Publishers B. V.},
 address = {Amsterdam, The Netherlands, The Netherlands},
 }

@article{pb2,
 author = {Warren P. Adams and P. M. Dearing},
 title = {On the equivalence between roof duality and Lagrangian duality for unconstrained 0\-1 quadratic programming problems},
 journal = {Discrete Applied Mathematics},
 volume = {48},
 number = {1},
 year = {1994},
 issn = {0166-218X},
 pages = {1--20},
 doi = {http://dx.doi.org/10.1016/0166-218X(92)00119-7},
 publisher = {Elsevier Science Publishers B. V.},
 address = {Amsterdam, The Netherlands, The Netherlands},
 }

@article{pb25,
 author = {Alain Billionnet and Alain Sutter},
 title = {Persistency in quadratic 0\-1 optimization},
 journal = {Mathematical Programming},
 volume = {54},
 number = {1},
 year = {1992},
 issn = {0025-5610},
 pages = {115--119},
 publisher = {Springer-Verlag New York, Inc.},
 address = {Secaucus, NJ, USA},
 }
 
 @article{pb28,
 author={E. Boros and Y. Crama and P.L. Hammer},
 title={Upper-bounds for quadratic 0-1 maximization},
 journal={Operations Research Letters},
 number={9},
 year={1990},
 pages={73-79}
 }
 
 @techreport{pb30,
 author={E. Boros and P.L. Hammer},
 title={A max-flow approach to improved roof-duality in quadratic 0�1 minimization},
 institution={RUTCOR},
 year={1989},
 number={{RRR} 15-1989},
 month={March}
 }
 
 @article{pb31,
 author={E. Boros and P.LHammer},
 title={The Max-Cut problem and Quadratic 0-1 Optimization, Polyhedral Aspects, Relaxations and Bounds},
 journal={Annals of Operations Research },
 number={33},
 year={1991},
 pages={151--180}
 }
 
 @techreport{pb32,
 author={E. Boros and P.L. Hammer},
 title={A generalization of the pure literal rule for satisfiability problems},
 institution={RUTCOR},
 year={1992},
 number={{RRR} 20-92},
 month={April}
 }
 
 @techreport{pb36,
 author={E. Boros and P.L. Hammer and X. Sun},
 title={Network flows and minimization of quadratic pseudo-{B}oolean functions},
 institution={RUTCOR},
 year={1991},
 number={{RRR} 17-1991},
 month={May}
 }

 @TechReport{Boros:TR91-maxflow,
  author =   {E. Boros and P. L. Hammer and X. Sun},
  title =    {Network flows and minimization of quadratic pseudo-{B}oolean functions},
  institution =  {RUTCOR},
  year =     1991,
  month =    {May},
  number =   {{RRR} 17-1991}
}
 
 @article{pb42,
 author = {Yves Crama},
 title = {Concave extensions for nonlinear 0\-1 maximization problems},
 journal = {Mathematical Programming},
 volume = {61},
 number = {1},
 year = {1993},
 issn = {0025-5610},
 pages = {53--60},
 publisher = {Springer-Verlag New York, Inc.},
 address = {Secaucus, NJ, USA},
 }

 @article{Hammer-84-roof-duality,
 author={P.L. Hammer and P. Hansen and B. Simeone},
 title= {Roof duality, complementation and persistency in quadratic 0-1 optimization},
 journal={Mathematical Programming},
 year= {1984},
 pages={121--155}
 }
 
 @inproceedings{pb81,
 author = {P. L. Hammer and B. Kalantari},
 title = {A bound on the roof-duality gap},
 booktitle = {COMO '86: Lectures given at the third session of the Centro Internazionale Matematico Estivo (C.I.M.E.) on Combinatorial optimization},
 year = {1989},
 isbn = {0-387-51797-9},
 pages = {254--257},
 location = {Como, Italy},
 publisher = {Springer-Verlag New York, Inc.},
 address = {New York, NY, USA},
 }

@inproceedings{pb94,
 author = {P. L. Hammer and B. Simeone},
 title = {Quadratic functions of binary variables},
 booktitle = {COMO '86: Lectures given at the third session of the Centro Internazionale Matematico Estivo (C.I.M.E.) on Combinatorial optimization},
 year = {1989},
 isbn = {0-387-51797-9},
 pages = {1--56},
 location = {Como, Italy},
 publisher = {Springer-Verlag New York, Inc.},
 address = {New York, NY, USA},
 }

@article{pb129,
author={Nemhauser, G.L. and Trotter, L.E.},
title={Vertex packing: structural properties and algorithms},
journal={Mathematical Programming},
year={1978},
pages={232--248}
}

@inproceedings{pb136,
 author = {Christos Papadimitriou and Mihalis Yannakakis},
 title = {Optimization, approximation, and complexity classes},
 booktitle = {STOC '88: Proceedings of the twentieth annual {ACM} symposium on Theory of computing},
 year = {1988},
 isbn = {0-89791-264-0},
 pages = {229--234},
 location = {Chicago, Illinois, United States},
 doi = {http://doi.acm.org/10.1145/62212.62233},
 publisher = {{ACM} Press},
 address = {New York, NY, USA},
 }

@article{pb149,
author={Rosenberg, I.G.},
title={Reduction of bivalent maximization to the quadratic case},
journal={Cahiers Centre Etudes Rech. Oper.},
year={1975},
pages={71--74}
}


@article{Goemans95,
 author = {Michel X. Goemans and David P. Williamson},
 title = {Improved approximation algorithms for maximum cut and satisfiability problems using semidefinite programming},
 journal = {Journal of {ACM}},
 volume = {42},
 number = {6},
 year = {1995},
 issn = {0004-5411},
 pages = {1115--1145},
 doi = {http://doi.acm.org/10.1145/227683.227684},
 publisher = {{ACM} Press},
 address = {New York, NY, USA},
 }

@article{Fisher78,
author={Fisher, M.L. and Nemhauser, G.L. and Wolsey, L.A.},
title= {An analysis of approximations for maximizing submodular setfunctions~I},
journal = {Mathematical Programming},
year={1978},
pages={265--294}
}

@article{Nemhauser81,
author={Nemhauser, G.L. and Wolsey, L.},
title={Maximizing submodular set functions: formulations and analysis of algorithms},
journal = {Annals of Discrete Mathematics},
year={1981},
pages={279-301},
}

@article{HammerRosenberg63,
author={P.L. Hammer and I. Rosenberg and S. Rudeanu},
title={On the determination of the minima of pseudo-{B}oolean functions},
journal={Stud. Cerc. Mat.},
number={14},
year={1963},
pages={359-364},
note={in Romanian}
}

@article{BorosPrekopa89,
author={Boros, E. and Pr{\'}ekopa, A.},
title={Probabilistic bounds and algorithms for the maximum satisfiability problem},
journal={Ann. Oper. Res.},
year={1989},
pages={109-126}
}

@article{Hammer65,
author={Hammer, P.L.},
title={Some network flow problems solved with pseudo-{B}oolean programming},
journal={Oper. Res.},
year={1965},
pages={388-399}
}

@article{Hansen79,
author={Hansen, P.},
title={Methods of nonlinear 0~1 programming},
journal={Annals of Discrete Mathematics},
year={1979},
pages={53-70}
}

@article{ChambolleP11,
  author = {Chambolle, Antonin and Pock, Thomas},
  ee = {http://dx.doi.org/10.1007/s10851-010-0251-1},
  journal = {Journal of Mathematical Imaging and Vision},
  number = 1,
  pages = {120-145},
  title = {A First-Order Primal-Dual Algorithm for Convex Problems with Applications to Imaging.},
  url = {http://dblp.uni-trier.de/db/journals/jmiv/jmiv40.html#ChambolleP11},
  volume = 40,
  year = 2011
}

@inproceedings{Orlin-13,
 author = {Orlin, James B.},
 title = {Max Flows in O(Nm) Time, or Better},
 booktitle = {Proceedings of the Forty-fifth Annual ACM Symposium on Theory of Computing},
 series = {STOC '13},
 year = {2013},
 xisbn = {978-1-4503-2029-0},
 pages = {765--774},
} 

@incollection{
year={2011},
isbn={978-3-642-23718-8},
booktitle={Algorithms �_" ESA 2011},
volume={6942},
series={Lecture Notes in Computer Science},
editor={Demetrescu, Camil and Halld�_rsson, Magn��sM.},
doi={10.1007/978-3-642-23719-5_39},
title={Maximum Flows by Incremental Breadth-First Search},
url={http://dx.doi.org/10.1007/978-3-642-23719-5_39},
publisher={Springer Berlin Heidelberg},
author={Goldberg, AndrewV. and Hed, Sagi and Kaplan, Haim and Tarjan, RobertE. and Werneck, RenatoF.},
pages={457-468}
}


@inproceedings{Vineet-08,
        AUTHOR = "Vineet, V. and Narayanan, P.J.",
        TITLE = "{CUDA} cuts: Fast graph cuts on the {GPU}",
        BOOKTITLE = "Computer Vision {GPU} workshop at {ECCV}",
        YEAR = "2008",
        PAGES = "1-8",
        BIBSOURCE = "http://www.visionbib.com/bibliography/segment356cut1.html#TT36878"}

@inproceedings{Vineet-2009,
 author = {Vineet, Vibhav and Narayanan, P. J.},
 title = {Solving multilabel {MRF}s using incremental {$\alpha$}-expansion on the {GPU}s},
 booktitle = ACCV,
 year = {2010},
 isbn = {3-642-12296-5, 978-3-642-12296-5},
 location = {Xi'an},
 pages = {633--643},
 numpages = {11},
 volume = {3},
 url = {http://dx.doi.org/10.1007/978-3-642-12297-2_61},
 doi = {10.1007/978-3-642-12297-2_61},
 acmid = {2149242},
 publisher = {Springer-Verlag},
 address = {Berlin, Heidelberg},
} 

@inproceedings{Arora-10,
 author = {Arora, Chetan and Banerjee, Subhashis and Kalra, Prem and Maheshwari, S. N.},
 title = {An efficient graph cut algorithm for computer vision problems},
 booktitle = ECCV,
 year = {2010},
 isbn = {3-642-15557-X, 978-3-642-15557-4},
 location = {Heraklion, Crete, Greece},
 pages = {552--565},
 numpages = {14},
 url = {http://dl.acm.org/citation.cfm?id=1927006.1927049},
 acmid = {1927049},
 publisher = {Springer-Verlag},
 address = {Berlin, Heidelberg},
} 

@inproceedings{Goldberg-2011,
 author = {Goldberg, Andrew V. and Hed, Sagi and Kaplan, Haim and Tarjan, Robert E. and Werneck, Renato F.},
 title = {Maximum flows by incremental breadth-first search},
 booktitle = {European conference on Algorithms},
 xseries = {ESA'11},
 year = {2011},
 isbn = {978-3-642-23718-8},
 location = {Saarbr\&\#252;cken, Germany},
 pages = {457--468},
 numpages = {12},
 url = {http://dl.acm.org/citation.cfm?id=2040572.2040623},
 acmid = {2040623},
 publisher = {Springer-Verlag},
 address = {Berlin, Heidelberg},
} 

@InProceedings{Jamriska12-CVPR,
  author =    "Ond\v{r}ej Jamri\v{s}ka and Daniel S\'{y}kora and Alexander Hornung",
  title =     "Cache-efficient Graph Cuts on Structured Grids",
  booktitle = CVPR,
  pages =     "3673--3680",
  year =      "2012",
}

@inproceedings{Tanmay-12,
	title={MaxFlow Revisited: An Empirical Comparison of Maxflow Algorithms for Dense Vision Problems},
	author={Tanmay Verma and Dhruv Batra},
	year={2012},
	pages={12},
	booktitle=BMVC,
	publisher={BMVA Press},
	editors={Bowden, Richard and Collomosse, John and Mikolajczyk, Krystian},
	isbn={1-901725-46-4},
	doi={http://dx.doi.org/10.5244/C.26.61}
}

@InProceedings{mixed_maxflow-11,
  author =      {Alexander Shekhovtsov and Vaclav Hlavac},
  title =       {A Distributed Mincut/Maxflow Algorithm Combining Path Augmentation and Push-Relabel},
  year =        {2011},
  pages =       {14},
  booktitle =   EMMCVPR,
  publisher =   {Springer},
  series =      {Lecture Notes in Computer Science},
  month =       {July},
  status =      {accepted},
}

@phdthesis{Kolmogorov-04-PhD,
 author = {Kolmogorov, Vladimir},
 advisor = {Zabih, Ramin},
 title = {Graph based algorithms for scene reconstruction from two or more views},
 year = {2004},
 xnote = {AAI3114475},
 publisher = {Cornell University},
 address = {Ithaca, NY, USA},
} 

@misc{uwo,
	Author = "{University of Western Ontario web pages}",
	Title = {Computer Vision Research Group. Max-flow problem instances in vision},
	year = "2008",
	howpublished = {\url{http://vision.csd.uwo.ca/maxflow-data/}}
}

@TechReport{TR,
  author = {Alexander Shekhovtsov and Vaclav Hlavac},
  title = {A Distributed Mincut/Maxflow Algorithm Combining Path Augmentation and Push-Relabel},
  year = {2011},
  xtype = {Research Report},
  number = {{K333}--43/11, {CTU--CMP}--2011--03},
  institution = {Czech Technical University in Prague},
}   

@article{Lempitsky-09-fusion,
author = {Victor Lempitsky and Carsten Rother and Stefan Roth and Andrew Blake},
title = {Fusion Moves for {M}arkov Random Field Optimization},
journal =PAMI,
volume = {32},
xissn = {0162-8828},
year = {2010},
pages = {1392-1405},
xdoi = {http://doi.ieeecomputersociety.org/10.1109/TPAMI.2009.143},
xpublisher = {IEEE Computer Society},
xaddress = {Los Alamitos, CA, USA},
}
 
@inproceedings{Goldberg-PAR,
 author = {Goldberg, Andrew V.},
 title = {The Partial Augment--Relabel Algorithm for the Maximum Flow Problem},
 booktitle = {Proceedings of the 16th annual European symposium on Algorithms},
 xseries = {ESA '08},
 year = {2008},
 xisbn = {978-3-540-87743-1},
 xlocation = {Karlsruhe, Germany},
 pages = {466--477},
 xnumpages = {12},
 xpublisher = {Springer-Verlag},
 xaddress = {Berlin, Heidelberg},
} 

@article{Goldberg-Rao-98,
 author = {Goldberg, Andrew V. and Rao, Satish},
 title = {Beyond the flow decomposition barrier},
 journal = {Journal of {ACM}},
 volume = {45},
 issue = {5},
 xmonth = {September},
 year = {1998},
 xissn = {0004-5411},
 pages = {783--797},
 xnumpages = {15},
 xpublisher = {ACM},
 xaddress = {New York, NY, USA},
 xkeywords = {combinatorial optimization, maximum flows},
} 


@incollection {Goldberg-98,
   author = {Goldberg, Andrew},
   xaffiliation = {NEC Research Institute, Inc. 4 Independence Way 08540 Princeton NJ},
   title = {Recent developments in maximum flow algorithms},
   booktitle = {Algorithm Theory - SWAT'98},
   xseries = {Lecture Notes in Computer Science},
   xeditor = {Arnborg, Stefan and Ivansson, Lars},
   xpublisher = {Springer Berlin / Heidelberg},
   xisbn = {},
   pages = {1-10},
   volume = {1432},
   year = {1998}
}

@inproceedings{Delong09-segm,
        AUTHOR = "Delong, A. and Boykov, Y.Y.",
        TITLE = "Globally optimal segmentation of multi-region objects",
        BOOKTITLE = ICCV,
        YEAR = "2009",
        PAGES = "285-292",
}


@INPROCEEDINGS{Jancosek11,
    author = {Michal Jancosek and Tomas Pajdla},
    title = {Robust, accurate and weakly-supported-surfaces preserving multi-vew reconstruction},
    booktitle = CVPR,
    year = {2011},
}

@article{Labutit09,
  author    = {Patrick Labatut and
               Jean-Philippe Pons and
               Renaud Keriven},
  title     = {Robust and Efficient Surface Reconstruction From Range Data},
  journal   = {Computer Graphics Forum},
  volume    = {28},
  number    = {8},
  year      = {2009},
  pages     = {2275-2290},
  ee        = {http://dx.doi.org/10.1111/j.1467-8659.2009.01530.x},
  bibsource = {DBLP, http://dblp.uni-trier.de}
}

@INPROCEEDINGS{BK03,
    author = {Yuri Boykov},
    title = {Computing geodesics and minimal surfaces via graph cuts},
    booktitle = ICCV,
    year = {2003},
    pages = {26--33}
}

@article{BF06,
 author = {Boykov, Yuri and Funka-Lea, Gareth},
 title = {Graph Cuts and Efficient {N-D} Image Segmentation},
 journal = {International Journal of Computer Vision},
 volume = {70},
 issue = {2},
 xmonth = {November},
 year = {2006},
 xissn = {0920-5691},
 pages = {109--131},
 xnumpages = {23},
 xacmid = {1147801},
 xpublisher = {Kluwer Academic Publishers},
 xaddress = {Hingham, MA, USA},
} 


@inproceedings{BJ01,
  author = {Y. Boykov and M.-P. Jolly},
	booktitle = ICCV,
  pages = {105-112},
  title = {Interactive graph cuts for optimal boundary \& region segmentation of objects in {N-D} images},
  volume = 1,
  year = 2001
  }

@INPROCEEDINGS{LB07,
    author = {Victor Lempitsky and Yuri Boykov},
    title = {Global optimization for shape fitting},
    booktitle = CVPR,
    year = {2007},
    volume={6}
}

@inproceedings{BL06,
        AUTHOR = "Boykov, Y. and Lempitsky, V.",
        TITLE = "From Photohulls to Photoflux Optimization",
        BOOKTITLE = BMVC,
        YEAR = "2006",
        volume={3},
        PAGES = "1149",
        }


@INPROCEEDINGS{LB06,
    author = {Victor Lempitsky and Yuri Boykov and Denis Ivanov and D. Ivanov},
    title = {Oriented Visibility for Multiview Reconstruction},
    xbooktitle = {In European Conference on Computer Vision},
    booktitle = ECCV,
    year = {2006},
    pages = {226--238}
}

@INPROCEEDINGS{KZ2,
    author = {Vladimir Kolmogorov and Ramin Zabih},
    title = {Computing Visual Correspondence with Occlusions via Graph Cuts},
    xbooktitle = {In International Conference on Computer Vision},
    booktitle = ICCV,
    year = {2001},
    pages = {508--515}
}


@inproceedings{BVZ,
 author = {Boykov, Y. and Veksler, O. and Zabih, R.},
 title = {{M}arkov Random Fields with Efficient Approximations},
 booktitle = CVPR,
 year = {1998},
 xisbn = {0-8186-8497-6},
 pages = {648--655},
 url = {http://portal.acm.org/citation.cfm?id=794191.794708},
 xacmid = {794708},
 xpublisher = {IEEE Computer Society},
 xaddress = {Washington, DC, USA},
} 


@techreport{Cherkassky-94,
 author = {Cherkassky, Boris V. and Goldberg, Andrew V.},
 title = {On Implementing Push-Relabel Method for the Maximum Flow Problem},
 year = {1994},
 xsource = {http://www.ncstrl.org:8900/ncstrl/servlet/search?formname=detail\&id=oai%3Ancstrlh%3Astan%3ASTAN%2F%2FCS-TR-94-1523},
 xpublisher = {Stanford University},
 xaddress = {Stanford, CA, USA},
} 


@inproceedings{BK-maxflow,
	author={Yuri Boykov and Vladimir Kolmogorov },
	title={An Experimental Comparison of Min-Cut/Max-Flow Algorithms for Energy Minimization in Vision },
	booktitle=PAMI,
	volume={26},
	pages={1124-1137},
	xmonth={Sept},
	year={2004},
	url={http://www.csd.uwo.ca/faculty/yuri/Papers/pami04.pdf}
	}

@ARTICLE{GT88,
    author = {Andrew V. Goldberg and Robert E. Tarjan},
    title = {A new approach to the maximum flow problem},
    journal = {Journal of the {ACM}},
    year = {1988},
    volume = {35},
}

@inproceedings{Delong08,
        AUTHOR = "Delong, A. and Boykov, Y.Y.",
        TITLE = "A Scalable graph-cut algorithm for {N-D} grids",
        BOOKTITLE = CVPR,
        YEAR = "2008",
        PAGES = "1-8",
}

@inproceedings{Juan-06-active-cuts,
        AUTHOR = "Juan, O. and Boykov, Y.Y.",
        TITLE = "Active Graph Cuts",
        BOOKTITLE = CVPR,
        YEAR = "2006",
        volume={1},
        PAGES = "1023-1029",
}

@inproceedings{Strandmark10,
        AUTHOR = "Strandmark, P. and Kahl, F.",
        TITLE = "Parallel and distributed graph cuts by dual decomposition",
        BOOKTITLE = CVPR,
        YEAR = "2010",
        PAGES = "2085-2092",
}


@inproceedings{Liu10,
        AUTHOR = "Liu, J. and Sun, J.",
        TITLE = "Parallel graph-cuts by adaptive bottom-up merging",
        BOOKTITLE = CVPR,
        YEAR = "2010",
        PAGES = "2181-2188",
}

@article{Liu09,
 author = {Liu, Jiangyu and Sun, Jian and Shum, Heung-Yeung},
 title = {Paint selection},
 journal = {{ACM} Transactions on Graphics},
 volume = {28},
 xissue = {3},
 xmonth = {July},
 year = {2009},
 xissn = {0730-0301},
 number = {69},
 pages = {1--7},
 xpublisher = {ACM},
 xaddress = {New York, NY, USA},
 xkeywords = {image segmentation, user interface},
}

@article{Anderson95,
 author = {Anderson, Richard and Setubal, Joao C.},
 title = {A parallel implementation of the push-relabel algorithm for the maximum flow problem},
 journal = {Journal of Parallel and Distributed Computing},
 volume = {29},
 number = {1},
 year = {1995},
 xissn = {0743-7315},
 pages = {17--26},
 xdoi = {http://dx.doi.org/10.1006/jpdc.1995.1103},
 xpublisher = {Academic Press, Inc.},
 xaddress = {Orlando, FL, USA},
 }

@article{Goldberg91,
 author = {Goldberg, Andrew V.},
 title = {Processor-efficient implementation of a maximum flow algorithm},
 journal = {Information Processing Letters},
 volume = {38},
 number = {4},
 year = {1991},
 xissn = {0020-0190},
 pages = {179--185},
 xdoi = {http://dx.doi.org/10.1016/0020-0190(91)90097-2},
 xpublisher = {Elsevier North-Holland, Inc.},
 xaddress = {Amsterdam, The Netherlands, The Netherlands},
 }

@PHDTHESIS{Goldberg-PhD,
author="Goldberg, A.",
title={Efficient graph algorithms for sequential and parallel computers},
school={Massachusetts Institute of Technology},
year={1987},
}


@inproceedings{Komodakis-11-train,
  author    = {Nikos Komodakis},
  title     = {Efficient training for pairwise or higher order CRFs via dual decomposition},
  booktitle = CVPR,
  pages     = {1841--1848},
  year      = {2011},
  xcrossref  = {DBLP:conf/cvpr/2011},
  url       = {http://dx.doi.org/10.1109/CVPR.2011.5995375},
  doi       = {10.1109/CVPR.2011.5995375},
  xtimestamp = {Tue, 25 Nov 2014 17:05:17 +0100},
  xbiburl    = {http://dblp.uni-trier.de/rec/bib/conf/cvpr/Komodakis11},
  xbibsource = {dblp computer science bibliography, http://dblp.org}
}

@COMMENT{SSS-15-IRI,
  title={Maximum Persistency via Iterative Relaxed Inference with Graphical Models},
  author={Shekhovtsov, A. and Swoboda, P. and Savchynskyy, B.},
  booktitle = CVPR,
  pages={8},
  note={to appear},
  year={2015},
}

@ARTICLE{Swoboda-ArXiv2014,
   author = {Swoboda, P. and Shekhovtsov, A. and Kappes, J.~H. and Schn{\"o}rr, C. and Savchynskyy, B.},
    title = {Partial Optimality by Pruning for {MAP}-Inference with General Graphical Models},
  journal = CoRR,
volume    = {abs/1410.6641},
archivePrefix = {arXiv},
   eprint = {1410.6641},
 primaryClass = {cs.AI},
 keywords = {Computer Science - Artificial Intelligence},
     year = {2014},
    month = {Oct},
   adsurl = {http://adsabs.harvard.edu/abs/2014arXiv1410.6641S},
  adsnote = {Provided by the SAO/NASA Astrophysics Data System}
}

@misc{submodular,
author = {Petter Strandmark},
title = {Submodular library v.1.0},
url = {https://github.com/PetterS/submodular},
}

@article{KahlS-12,
  author    = {Fredrik Kahl and
               Petter Strandmark},
  title     = {Generalized roof duality},
  journal   = {Discrete Applied Mathematics},
  volume    = {160},
  number    = {16-17},
  year      = {2012},
  pages     = {2419-2434},
  xee        = {http://dx.doi.org/10.1016/j.dam.2012.06.009},
  xbibsource = {DBLP, http://dblp.uni-trier.de}
}
 
@article{Zivny-08-binary-CoRR,
  author    = {Stanislav Zivny and
               David A. Cohen and
               Peter G. Jeavons},
  title     = {The Expressive Power of Binary Submodular Functions},
  journal   = {CoRR},
  year      = {2008},
  volume    = {abs/0811.1885},
  xurl       = {http://arxiv.org/abs/0811.1885},
  xtimestamp = {Mon, 22 Sep 2014 09:16:43 +0200},
  xbiburl    = {http://dblp.uni-trier.de/rec/bib/journals/corr/abs-0811-1885},
  xbibsource = {dblp computer science bibliography, http://dblp.org}
}

@article{Zivny-08-binary,
title = "The expressive power of binary submodular functions ",
journal = "Discrete Applied Mathematics ",
volume = "157",
number = "15",
pages = "3347 - 3358",
year = "2009",
note = "",
issn = "0166-218X",
doi = "http://dx.doi.org/10.1016/j.dam.2009.07.001",
url = "http://www.sciencedirect.com/science/article/pii/S0166218X09002819",
author = {Stanislav \v{Z}ivn\'y and David A. Cohen and Peter G. Jeavons},
keywords = "Decomposition of submodular functions",
keywords = "Min-Cut",
keywords = "Pseudo-Boolean optimisation",
keywords = "Submodular function minimisation ",
abstract = "We investigate whether all Boolean submodular functions can be decomposed into a sum of binary submodular functions over a possibly larger set of variables. This question has been considered in several different contexts in computer science, including computer vision, artificial intelligence, and pseudo-Boolean optimisation. Using a connection between the expressive power of valued constraints and certain algebraic properties of functions, we answer this question negatively. Our results have several corollaries. First, we characterise precisely which submodular polynomials of arity 4 can be expressed by binary submodular polynomials. Next, we identify a novel class of submodular functions of arbitrary arities which can be expressed by binary submodular functions, and therefore minimised efficiently using a so-called expressibility reduction to the Min-Cut problem. More importantly, our results imply limitations on this kind of reduction and establish, for the first time, that it cannot be used in general to minimise arbitrary submodular functions. Finally, we refute a conjecture of Promislow and Young on the structure of the extreme rays of the cone of Boolean submodular functions. "
}

@article{Kolmogorov-12-LP-power-CoRR,
  author    = {Vladimir Kolmogorov},
  title     = {The power of linear programming for valued CSPs: a constructive characterization},
  journal   = {CoRR},
  year      = {2012},
  volume    = {abs/1207.7213},
  xurl       = {http://arxiv.org/abs/1207.7213},
  xtimestamp = {Wed, 17 Sep 2014 15:56:42 +0200},
  xbiburl    = {http://dblp.uni-trier.de/rec/bib/journals/corr/abs-1207-7213},
  xbibsource = {dblp computer science bibliography, http://dblp.org}
}


@incollection{Kolmogorov-12-LP-power,
year={2013},
isbn={978-3-642-39205-4},
booktitle={Automata, Languages, and Programming},
volume={7965},
series={Lecture Notes in Computer Science},
editor={Fomin, FedorV. and Freivalds, Rusin� and Kwiatkowska, Marta and Peleg, David},
doi={10.1007/978-3-642-39206-1_53},
title={The Power of Linear Programming for Finite-Valued {CSP}s: A Constructive Characterization},
url={http://dx.doi.org/10.1007/978-3-642-39206-1_53},
publisher={Springer Berlin Heidelberg},
author={Kolmogorov, Vladimir},
pages={625-636},
language={English}
}


@inProceedings{Windheuser-et-al-eccv12,
  author    = {T. Windheuser and H. Ishikawa and D. Cremers},
  title     = {Generalized Roof Duality for Multi-Label Optimization: Optimal Lower Bounds and Persistency},
  booktitle = ECCV,
  year      = {2012},
  xaddress   = {Firenze, Italy},
}

@article{RavikumarAW10,
  author    = {Pradeep D. Ravikumar and
               Alekh Agarwal and
               Martin J. Wainwright},
  title     = {Message-passing for Graph-structured Linear Programs: Proximal Methods
               and Rounding Schemes},
  journal   = {Journal of Machine Learning Research},
  year      = {2010},
  volume    = {11},
  pages     = {1043--1080},
  xdoi       = {10.1145/1756006.1756040},
}

@INPROCEEDINGS{Ladicky2010,
  author = {Ladicky, L. and Russell, C. and Kohli, P. and Torr, P.H.S.},
  title = {Graph Cut Based Inference with Co-occurrence Statistics},
  booktitle = ECCV,
  year = {2010},
  xpublisher = {Springer},
}

@inproceedings{FreedmanD05,
  author = {Freedman, Daniel and Drineas, Petros},
  title = {Energy Minimization via Graph Cuts: Settling What is Possible.},
  booktitle = CVPR,
  isbn = {0-7695-2372-2},
  pages = {939-946},
  year = 2005
}

@article{Sontag-12-CoRR,
  author    = {David Sontag and
               Do Kook Choe and
               Yitao Li},
  title     = {Efficiently Searching for Frustrated Cycles in {MAP} Inference},
  journal   = {CoRR},
  year      = {2012},
  volume    = {abs/1210.4902},
  xurl       = {http://arxiv.org/abs/1210.4902},
  xtimestamp = {Mon, 08 Sep 2014 18:16:45 +0200},
  xbiburl    = {http://dblp.uni-trier.de/rec/bib/journals/corr/abs-1210-4902},
  xbibsource = {dblp computer science bibliography, http://dblp.org}
}

@inproceedings{Sontag-12,
 author = {David Sontag and Do Kook Choe and Yitao Li},
 title = {Efficiently Searching for Frustrated Cycles in {MAP} Inference},
 booktitle = {Uncertainty in Artificial Intelligence ({UAI})},
 publisher = {AUAI Press},
 address = {Corvallis, Oregon},
 pages = {795--804},
 year = {2012}
}

@article{Komodakis-07,
  author    = {Nikos Komodakis and
               Georgios Tziritas},
  title     = {Approximate Labeling via Graph Cuts Based on Linear Programming},
  journal   = PAMI,
  year      = {2007},
  volume    = {29},
  number    = {8},
  pages     = {1436--1453},
  xurl       = {http://doi.ieeecomputersociety.org/10.1109/TPAMI.2007.1061},
  xdoi       = {10.1109/TPAMI.2007.1061},
  xtimestamp = {Mon, 08 Sep 2014 18:13:36 +0200},
  xbiburl    = {http://dblp.uni-trier.de/rec/bib/journals/pami/KomodakisT07},
  xbibsource = {dblp computer science bibliography, http://dblp.org}
}

@article{Kolmogorov-12-GTRWS,
  author    = {Vladimir Kolmogorov and
               Thomas Schoenemann},
  title     = {Generalized sequential tree-reweighted message passing},
  journal   = {CoRR},
  year      = {2012},
  volume    = {abs/1205.6352},
  xurl       = {http://arxiv.org/abs/1205.6352},
  xtimestamp = {Mon, 08 Sep 2014 18:10:56 +0200},
  xbiburl    = {http://dblp.uni-trier.de/rec/bib/journals/corr/abs-1205-6352},
  xbibsource = {dblp computer science bibliography, http://dblp.org}
}

@article{Kolmogorov-12-GTRWS-to-appear,
  author    = {Vladimir Kolmogorov and
               Thomas Schoenemann},
  title     = {Generalized sequential tree-reweighted message passing},
  journal   = {Advanced Structured Prediction},
  year      = {2015},
  note       = {To appear},
}


@article{Kolmogorov-13-SRMP-CoRR,
  author    = {Vladimir Kolmogorov},
  title     = {Reweighted message passing revisited},
  journal   = {CoRR},
  year      = {2013},
  volume    = {abs/1309.5655},
  xurl       = {http://arxiv.org/abs/1309.5655},
  xtimestamp = {Mon, 08 Sep 2014 18:09:43 +0200},
  xbiburl    = {http://dblp.uni-trier.de/rec/bib/journals/corr/Kolmogorov13},
  xbibsource = {dblp computer science bibliography, http://dblp.org}
}

@ARTICLE{Kolmogorov-13-SRMP,
author={Kolmogorov, V.}, 
journal=PAMI, 
title={A new look at reweighted message passing}, 
year={2014}, 
month={}, 
volume={PP}, 
number={99}, 
pages={1-1}, 
keywords={Convergence;Graphical models;Labeling;Linear programming;Message passing;Probability distribution;Vectors;MAP estimation;graphical models;message passing algorithms}, 
doi={10.1109/TPAMI.2014.2363465}, 
ISSN={0162-8828},}

@article{Komodakis-11,
  author    = {Nikos Komodakis and Nikos Paragios and Georgios Tziritas},
  title     = {{MRF} Energy Minimization and Beyond via Dual Decomposition},
  journal   = PAMI,
  year      = {2011},
  volume    = {33},
  number    = {3},
  pages     = {531--552},
  xurl       = {http://doi.ieeecomputersociety.org/10.1109/TPAMI.2010.108},
  xdoi       = {10.1109/TPAMI.2010.108},
  xtimestamp = {Mon, 08 Sep 2014 18:05:51 +0200},
  xbiburl    = {http://dblp.uni-trier.de/rec/bib/journals/pami/KomodakisPT11},
  xbibsource = {dblp computer science bibliography, http://dblp.org}
}

@article{Komodakis-2008,
 author = {Komodakis, Nikos and Tziritas, Georgios and Paragios, Nikos},
 title = {Performance vs Computational Efficiency for Optimizing Single and Dynamic {MRF}s: Setting the State of the Art with Primal-dual Strategies},
 journal = CVIU,
 issue_date = {October, 2008},
 volume = {112},
 number = {1},
 month = oct,
 year = {2008},
 issn = {1077-3142},
 pages = {14--29},
} 

@PhDThesis{Strandmark2012PhD,
author={Strandmark, Petter}, 
title={Discrete optimization in early vision : model tractability versus fidelity}, 
publisher={Lund University, Faculty of Engineering, Centre for Mathematical Sciences, Mathematics}, 
address={Lund}, 
year={2012}, 
note={Diss. Lund : Lunds universitet, 2013}, 
}

@article{Kolmogorov-10,
title = "Minimizing a sum of submodular functions ",
journal = "Discrete Applied Mathematics ",
volume = "160",
number = "15",
pages = "2246 - 2258",
year = "2012",
note = "",
issn = "0166-218X",
doi = "http://dx.doi.org/10.1016/j.dam.2012.05.025",
url = "http://www.sciencedirect.com/science/article/pii/S0166218X12002314",
author = "Vladimir Kolmogorov",
keywords = "Submodular minimization ",
abstract = "We consider the problem of minimizing a function represented as a sum of submodular terms. We assume each term allows an efficient computation of exchange capacities. This holds, for example, for terms depending on a small number of variables, or for certain cardinality-dependent terms. A naive application of submodular minimization algorithms would not exploit the existence of specialized exchange capacity subroutines for individual terms. To overcome this, we cast the problem as a submodular flow (SF) problem in an auxiliary graph in such a way that applying most existing \{SF\} algorithms would rely only on these subroutines. We then explore in more detail Iwata�s capacity scaling approach for submodular flows (Iwata 1997 [19]). In particular, we show how to improve its complexity in the case when the function contains cardinality-dependent terms. "
}


@inproceedings{Arora-12,
  author    = {Chetan Arora and Subhashis Banerjee and Prem Kalra and S. N. Maheshwari},
  title     = {Generic Cuts: An Efficient Algorithm for Optimal Inference in Higher Order {MRF-MAP}},
  booktitle = ECCV,
  year      = {2012},
  pages     = {17--30},
}

@inproceedings{Fix-11,
 author = {Fix, Alexander and Gruber, Aritanan and Boros, Endre and Zabih, Ramin},
 title = {A Graph Cut Algorithm for Higher-order {M}arkov Random Fields},
 booktitle = ICCV,
 year = {2011},
 isbn = {978-1-4577-1101-5},
 pages = {1020--1027},
 numpages = {8},
 xacmid = {2356482},
 xpublisher = {IEEE Computer Society},
 xaddress = {Washington, DC, USA},
}

@article{Cooper-08,
  author = {Cooper, Martin C.},
  date = {2008-11-26},
  description = {dblp},
  journal = {Constraints},
  keywords = {dblp},
  number = 4,
  pages = {437-458},
  title = {Minimization of Locally Defined Submodular Functions by Optimal Soft Arc Consistency.},
  volume = 13,
  year = 2008
}

@article{Werner-10,
author = {Tomas Werner},
title = {Revisiting the Linear Programming Relaxation Approach to Gibbs Energy Minimization and Weighted Constraint Satisfaction},
journal =PAMI,
volume = {32},
number = {8},
issn = {0162-8828},
year = {2010},
pages = {1474-1488},
}


@INPROCEEDINGS{Zach-14,
	author = {Zach, Christopher},
	title = {A Principled Approach for Coarse-to-Fine {MAP} Inference},
	booktitle = {CVPR},
	year = {2014},
}

@INPROCEEDINGS{Swoboda-14, 
author={Swoboda, P. and Savchynskyy, B. and Kappes, J.H. and Schn�rr, C.}, 
booktitle=CVPR, 
title={Partial Optimality by Pruning for {MAP}-Inference with General Graphical Models}, 
year={2014}, 
month={June}, 
pages={1170-1177}, 
doi={10.1109/CVPR.2014.153},}


@INPROCEEDINGS{SavchynskyyNIPS2013,
  author = {Savchynskyy, Bogdan and Kappes, J{\"o}rg Hendrik and Swoboda, Paul
	and Schn\"orr, Cristoph},
  title = {Global {MAP}-Optimality by Shrinking the Combinatorial Search Area
	with Convex Relaxation},
  booktitle = {NIPS},
  year = {2013},
  xnote = {Accepted}
}

@INPROCEEDINGS{Kappes-2013-benchmark,
author = "Kappes, J{\"o}rg H. and Andres, Bjoern and Hamprecht, Fred A. and Schn{\"o}rr, Christoph and Nowozin, Sebastian and Batra, Dhruv and Kim, Sungwoong and Kausler, Bernhard X. and Lellmann, Jan and Komodakis, Nikos and Rother, Carsten",
title = {A Comparative Study of Modern Inference Techniques for Discrete Energy Minimization Problem},
booktitle = CVPR,
year = "2013"
}

@INPROCEEDINGS{Gridchyn-13,
    author = {Igor Gridchyn and Vladimir Kolmogorov},
    title = {Potts model, parametric maxflow and k-submodular functions},
    booktitle = {ICCV},
    year = {2013}
}

@INPROCEEDINGS{Swoboda-13,
    author = {Swoboda, P. and Savchynskyy, B. and Kappes, J.A and Schn\"orr, C.},
    title = {Partial optimality via iterative pruning for the {P}otts model},
    booktitle = {SSVM},
    year = {2013}
}

@inproceedings{Alahari-08,
  author    = {Karteek Alahari and
               Pushmeet Kohli and
               Philip H. S. Torr},
  title     = {Reduce, reuse {\&} recycle: Efficiently solving multi-label
               {MRF}s},
  booktitle = CVPR,
  year      = {2008},
  xee        = {http://dx.doi.org/10.1109/CVPR.2008.4587402},
  xcrossref  = {DBLP:conf/cvpr/2008},
}

@INPROCEEDINGS{Alahari-08-IEEE,
author={Alahari, K. and Kohli, P. and Torr, P.H.S.}, 
booktitle=CVPR, 
title={Reduce, reuse {\&} recycle: Efficiently solving multi-label {MRF}s}, 
year={2008}, 
month={June}, 
xpages={1-8}, 
doi={10.1109/CVPR.2008.4587402}, 
xISSN={1063-6919},
}

@Article{Alahari10,
  author    = "Alahari, K. and Kohli, P. and Torr, P.~H.~S.",
  title     = "Dynamic Hybrid Algorithms for MAP Inference in Discrete MRFs",
  journal   = "{IEEE} Trans. Pattern Anal. Mach. Intell.",
  year      = "2010",
  volume    = "32",
  number    = "10",
  pages     = "1846--1857"
} 

@article{Wainwright-08,
  author    = {Martin J. Wainwright and
               Michael I. Jordan},
  title     = {Graphical Models, Exponential Families, and Variational
               Inference},
  journal   = {Foundations and Trends in Machine Learning},
  volume    = {1},
  number    = {1-2},
  year      = {2008},
  pages     = {1-305},
  xee        = {http://dx.doi.org/10.1561/2200000001},
  xbibsource = {DBLP, http://dblp.uni-trier.de}
}

@article{Johnson-07,
  author    = {Jason K. Johnson and
               Dmitry M. Malioutov and
               Alan S. Willsky},
  title     = {Lagrangian Relaxation for {MAP} Estimation in Graphical Models},
  journal   = CoRR,
  number    = {abs/0710.0013},
  year      = {2007},
  xee        = {http://arxiv.org/abs/0710.0013},
  xbibsource = {DBLP, http://dblp.uni-trier.de}
}

@article{Darbon-09,
 author = {Darbon, J{\'e}r\^{o}me},
 title = {Global optimization for first order Markov Random Fields with submodular priors},
 journal = {Discrete Appl. Math.},
 issue_date = {August, 2009},
 volume = {157},
 number = {16},
 month = aug,
 year = {2009},
 issn = {0166-218X},
 pages = {3412--3423},
 numpages = {12},
 xurl = {http://dx.doi.org/10.1016/j.dam.2009.02.026},
 xdoi = {10.1016/j.dam.2009.02.026},
 xacmid = {1618744},
 xpublisher = {Elsevier Science Publishers B. V.},
 xaddress = {Amsterdam, The Netherlands, The Netherlands},
 xkeywords = {Global optimization, Maximum flow/s,t minimum cut, Submodular functions},
}

@phdthesis{Sontag_thesis10,
 title  = {Approximate Inference in Graphical Models using {LP} Relaxations},
 author = {David Sontag},
 school = {Massachusetts Institute of Technology},
 address = {Department of Electrical Engineering and Computer Science},
 year   = {2010}
}

@inproceedings{KomodakisP08,
  author    = {Nikos Komodakis and
               Nikos Paragios},
  title     = {Beyond Loose {LP}-Relaxations: Optimizing {MRF}s by Repairing
               Cycles},
  booktitle = ECCV,
  year      = {2008},
  pages     = {806-820},
  xee        = {http://dx.doi.org/10.1007/978-3-540-88690-7_60},
  xcrossref  = {DBLP:conf/eccv/2008-3},
  xbibsource = {DBLP, http://dblp.uni-trier.de}
}

@proceedings{DBLP:conf/eccv/2008-3,
  editor    = {David A. Forsyth and
               Philip H. S. Torr and
               Andrew Zisserman},
  title     = {Computer Vision - ECCV 2008, 10th European Conference on
               Computer Vision, Marseille, France, October 12-18, 2008,
               Proceedings, Part III},
  booktitle = {ECCV (3)},
  publisher = {Springer},
  series    = {Lecture Notes in Computer Science},
  volume    = {5304},
  year      = {2008},
  isbn      = {978-3-540-88689-1},
  xbibsource = {DBLP, http://dblp.uni-trier.de}
}


@article{Kumar-11-improved,
 author = {Kumar, M. Pawan and Veksler, Olga and Torr, Philip H.S.},
 title = {Improved Moves for Truncated Convex Models},
 journal = {Journal of Machine Learning Research},
 issue_date = {2/1/2011},
 volume = {12},
 month = feb,
 year = {2011},
 issn = {1532-4435},
 pages = {31--67},
 numpages = {37},
 xurl = {http://dl.acm.org/citation.cfm?id=1953048.1953050},
 xacmid = {1953050},
 xpublisher = {JMLR.org},
} 

@inproceedings{VineetWT12,
  author    = {Vibhav Vineet and
               Jonathan Warrell and
               Philip H. S. Torr},
  title     = {A tiered move-making algorithm for general pairwise {MRF}s},
  booktitle = CVPR,
  year      = {2012},
  pages     = {1632-1639},
  xee        = {http://doi.ieeecomputersociety.org/10.1109/CVPR.2012.6247856},
  xcrossref  = {DBLP:conf/cvpr/2012},
  xbibsource = {DBLP, http://dblp.uni-trier.de}
}

@misc{HC-71,
author = {J. M. Hammersley and P. Clifford},
title = {{M}arkov fields on finite graphs and lattices},
year = {1971},
xmasid = {2038302}
}

@book{Li:2009:MRF,
 author = {Li, Stan Z.},
 title = {{M}arkov Random Field Modeling in Image Analysis},
 year = {2009},
 isbn = {9781848002784},
 edition = {3rd},
 publisher = {Springer Publishing Company, Incorporated},
} 

@article{Felzenszwalb-10,
 author = {Felzenszwalb, Pedro F. and Girshick, Ross B. and McAllester, David and Ramanan, Deva},
 title = {Object Detection with Discriminatively Trained Part-Based Models},
 journal = PAMI,
 volume = {32},
 number = {9},
 month = sep,
 year = {2010},
 issn = {0162-8828},
 pages = {1627--1645},
 numpages = {19},
 url = {http://dx.doi.org/10.1109/TPAMI.2009.167},
 doi = {10.1109/TPAMI.2009.167},
 acmid = {1850574},
 publisher = {IEEE Computer Society},
 address = {Washington, DC, USA},
 keywords = {Object recognition, Object recognition, deformable models, pictorial structures, discriminative training, latent SVM., deformable models, discriminative training, latent SVM., pictorial structures},
}

@article{FelzenszwalbH05,
  author    = {Pedro F. Felzenszwalb and
               Daniel P. Huttenlocher},
  title     = {Pictorial Structures for Object Recognition},
  journal   = {International Journal of Computer Vision},
  volume    = {61},
  number    = {1},
  year      = {2005},
  pages     = {55-79},
  ee        = {http://dx.doi.org/10.1023/B:VISI.0000042934.15159.49},
  bibsource = {DBLP, http://dblp.uni-trier.de}
}

@inproceedings{FelzenszwalbH00,
  author    = {Pedro F. Felzenszwalb and
               Daniel P. Huttenlocher},
  title     = {Efficient Matching of Pictorial Structures.},
  booktitle = CVPR,
  year      = {2000},
  pages     = {2066-2076}
}

@article{Veksler12,
  author    = {Olga Veksler},
  title     = {Multi-label Moves for {MRF}s with Truncated Convex Priors},
  journal   = {International Journal of Computer Vision},
  volume    = {98},
  number    = {1},
  year      = {2012},
  pages     = {1-14},
  xee        = {http://dx.doi.org/10.1007/s11263-011-0491-6},
  xbibsource = {DBLP, http://dblp.uni-trier.de}
}

@inproceedings{lempitsky11-pylon,
  title={A pylon model for semantic segmentation},
  author={Lempitsky, V. and Vedaldi, A. and Zisserman, A.},
  year={2011},
  booktitle = NIPS
}

@article{Szeliski08-PAMI,
author = {Richard Szeliski and Ramin Zabih and Daniel Scharstein and Olga Veksler and Vladimir Kolmogorov and Aseem Agarwala and Marshall Tappen and Carsten Rother},
title = {A Comparative Study of Energy Minimization Methods for {M}arkov Random Fields with Smoothness-Based Priors},
journal =PAMI,
volume = {30},
number = {6},
issn = {0162-8828},
year = {2008},
pages = {1068-1080},
xdoi = {http://doi.ieeecomputersociety.org/10.1109/TPAMI.2007.70844},
xpublisher = {IEEE Computer Society},
xaddress = {Los Alamitos, CA, USA},
}


@article{Avidan:2007,
 author = {Avidan, Shai and Shamir, Ariel},
 title = {Seam carving for content-aware image resizing},
 journal = {{ACM} {T}ransactions on Graphics},
 issue_date = {July 2007},
 volume = {26},
 number = {3},
 month = jul,
 year = {2007},
 issn = {0730-0301},
 articleno = {10},
 pages={10},
 url = {http://doi.acm.org/10.1145/1276377.1276390},
 xdoi = {10.1145/1276377.1276390},
 xacmid = {1276390},
 xpublisher = {ACM},
 xaddress = {New York, NY, USA},
 xkeywords = {content-aware image manipulation, display devices, image resizing, image retargeting, image seams},
} 

@TECHREPORT{Kolmogorov05primal-dualalgorithm,
    author = {Vladimir Kolmogorov},
    title = {Primal-dual algorithm for convex {M}arkov random fields},
    institution = {Microsoft Research Cambridge},
    year = {2005},
    number = {MSR-TR-2005-117},
}

@inproceedings{Lempitsky08fusionflow,
  author    = {Victor S. Lempitsky and
               Stefan Roth and
               Carsten Rother},
  title     = {FusionFlow: Discrete-continuous optimization for optical flow estimation},
  booktitle = CVPR,
  year      = {2008},
  ee        = {http://dx.doi.org/10.1109/CVPR.2008.4587751},
  xcrossref  = {DBLP:conf/cvpr/2008},
  bibsource = {DBLP, http://dblp.uni-trier.de}
}

@article{Kumar-2009,
 author = {Kumar, M. Pawan and Kolmogorov, Vladimir and Torr, Philip H. S.},
 title = {An Analysis of Convex Relaxations for {MAP} Estimation of Discrete {MRF}s},
 journal = {Journal of Machine Learning Research},
 issue_date = {12/1/2009},
 volume = {10},
 month = jun,
 year = {2009},
 issn = {1532-4435},
 pages = {71--106},
 numpages = {36},
 url = {http://dl.acm.org/citation.cfm?id=1577069.1577072},
 xacmid = {1577072},
 xpublisher = {JMLR.org},
} 


@INPROCEEDINGS{Kim03visualcorrespondence,
    author = {Junhwan Kim and Vladimir Kolmogorov and Ramin Zabih},
    title = {Visual Correspondence Using Energy Minimization and Mutual Information},
    booktitle = ICCV,
    year = {2003},
    pages = {1033--1040},
}

@article{DelongOIB12,
  author    = {Andrew Delong and
               Anton Osokin and
               Hossam N. Isack and
               Yuri Boykov},
  title     = {Fast Approximate Energy Minimization with Label Costs},
  journal   = {International Journal of Computer Vision},
  volume    = {96},
  number    = {1},
  year      = {2012},
  pages     = {1-27},
  xee        = {http://dx.doi.org/10.1007/s11263-011-0437-z},
  xbibsource = {DBLP, http://dblp.uni-trier.de}
}

@inproceedings{Lafferty-01,
 author = {Lafferty, John D. and McCallum, Andrew and Pereira, Fernando C. N.},
 title = {Conditional Random Fields: Probabilistic Models for Segmenting and Labeling Sequence Data},
 booktitle = ICML,
 year = {2001},
 isbn = {1-55860-778-1},
 pages = {282--289},
 numpages = {8},
 url = {http://dl.acm.org/citation.cfm?id=645530.655813},
 xacmid = {655813},
 xpublisher = {Morgan Kaufmann Publishers Inc.},
 xaddress = {San Francisco, CA, USA},
} 


@TechReport{Kolmogorov-FastPD,
 author={Vladimir Kolmogorov},
 title={A note on the primal-dual method for the semi-metric labeling problem},
 institution =  {Microsoft Research Cambridge},
 year =         {2007},
 month =        {June},
 type =         {Research Report}
}

@InProceedings{Narasimhan-05,
  author = 	 {M. Narasimhan and J. Bilmes},
  title = 	 {A supermodular-submodular procedure with applications to discriminative structure learning},
  booktitle =  {Uncertainty in Artificial Intelligence},
  year = 	 2005,
  month =    {July}
}

@book{bertsekas1995nonlinear,
  title={Nonlinear Programming},
  author={Bertsekas, D.P.},
  isbn={9781886529144},
  lccn={95081359},
  url={http://books.google.cz/books?id=QeweAQAAIAAJ},
  year={1995},
  publisher={Athena Scientific}
}

@Inproceedings{Werner-08-higher-arity,
  author = {Werner, Tomas},
  title = {High-arity Interactions, Polyhedral Relaxations, and Cutting Plane Algorithm for Soft Constraint Optimisation ({MAP-MRF})},
  year = {2008},
  booktitle = CVPR
}

@article{Osokin-11,
  author    = {Anton Osokin and Dmitry Vetrov and Vladimir Kolmogorov},
  title     = {Submodular Decomposition Framework for Inference in Associative {M}arkov Networks with Global Constraints},
  journal   = CoRR,
  number    = {abs/1103.1077},
  year      = {2011},
  ee        = {http://arxiv.org/abs/1103.1077},
}

@inproceedings{Savchynskyy-11,
  author    = {Bogdan Savchynskyy and J{\"o}rg H. Kappes and Stefan Schmidt and Christoph Schn{\"o}rr},
  title     = {A study of {N}esterov's scheme for {L}agrangian decomposition and {MAP} labeling},
  booktitle = CVPR,
  year      = {2011},
  pages     = {1817-1823},
  xee        = {http://dx.doi.org/10.1109/CVPR.2011.5995652},
  xcrossref  = {DBLP:conf/cvpr/2011},
  xbibsource = {DBLP, http://dblp.uni-trier.de}
}

@inproceedings{Kappes-12,
  author    = {J{\"o}rg Hendrik Kappes and Bogdan Savchynskyy and Christoph Schn{\"o}rr}, 
  title     = {A bundle approach to efficient {MAP}-inference by {L}agrangian relaxation},
  booktitle = CVPR,
  year      = {2012},
  pages     = {1688-1695},
  ee        = {http://doi.ieeecomputersociety.org/10.1109/CVPR.2012.6247863},
  xcrossref  = {DBLP:conf/cvpr/2012},
  xbibsource = {DBLP, http://dblp.uni-trier.de}
}

@inproceedings{Komodakis-subgradient,
        AUTHOR = "Komodakis, N. and Paragios, N. and Tziritas, G.",
        TITLE = "{MRF} Optimization via Dual Decomposition: Message-Passing Revisited",
        BOOKTITLE = ICCV,
        YEAR = "2007",
        pages = "1-8",
        xBIBSOURCE = "http://www.visionbib.com/bibliography/image-proc115.html#TT7892"
        }



@article{Kolmogorov02:regular-pami,
        AUTHOR = "Kolmogorov, V. and Zabih, R.",
        TITLE = "What Energy Functions Can Be Minimized via Graph Cuts?",
        JOURNAL = PAMI,
        VOLUME = "26",
        YEAR = "2004",
        NUMBER = "2",
        MONTH = "February",
        PAGES = "147-159",
}

@article{Ishikawa03,
  author    = {Hiroshi Ishikawa},
  title     = {Exact Optimization for {M}arkov Random Fields with Convex
               Priors.},
  journal   = PAMI,
  volume    = {25},
  number    = {10},
  year      = {2003},
  pages     = {1333-1336}
}

@inproceedings{Komodakis-05-primal-dual,
 author = {Nikos Komodakis and Georgios Tziritas},
 title = {A New Framework for Approximate Labeling via Graph Cuts},
 booktitle = ICCV,
 year = {2005},
 pages = {1018--1025},
 xpublisher = {IEEE Computer Society},
 xaddress = {Washington, DC, USA},
}

@inproceedings{DSchlesinger-07-permuted,
title = {Exact Solution of Permuted Submodular MinSum Problems.},
author = {Dmitrij Schlesinger},
booktitle = EMMCVPR,
xcrossref = {conf/emmcvpr/2007},
editor = {Alan L. Yuille and Song Chun Zhu and Daniel Cremers and Yongtian Wang},
pages = {28-38},
publisher = {Springer},
series = {Lecture Notes in Computer Science},
url = {http://dblp.uni-trier.de/db/conf/emmcvpr/emmcvpr2007.html#Schlesinger07},
volume = {4679},
year = {2007},
description = {dblp},
xee = {http://dx.doi.org/10.1007/978-3-540-74198-5_3}, 
isbn = {978-3-540-74195-4}, 
keywords = {dblp }
} 

@article{Wainwright-MAP,
        AUTHOR = "Wainwright, M.J. and Jaakkola, T.S. and Willsky, A.S.",
        TITLE = "{MAP} Estimation via Agreement on (Hyper)Trees: Message-Passing and Linear-Programming Approaches",
        JOURNAL = IT,
        VOLUME = "51",
        YEAR = "2005",
        NUMBER = "11",
        MONTH = "November",
        PAGES = "3697-3717",
}

@Book{Lauritzen96,
author =      {Lauritzen, Steffen L.},
title =       {Graphical Models},
publisher =   {Oxford Science Publications},
year =        {1998},
isbn =        {0-19-852219-3},
series =      {Oxford Statistical Science Series},
number =      {17},
hardcopy =    {CMP.book.A381},
signature =   {2005-1074},
pincode =     {3102002078},
}

@InProceedings{Kohli-Torr-05-dynamic,
	author = {Kohli, P. and Torr, P.H.S.},
	title = {Efficiently Solving Dynamic {M}arkov Random Fields Using Graph Cuts},
	booktitle = ICCV,
	volume = {2},
	pages = {922-929},
	year = {2005},
}

@InProceedings{Szeliski06-MRF,
  AUTHOR = {Richard Szeliski and Ramin Zabih and Daniel Scharstein and Olga Veksler and Vladimir Kolmogorov and Aseem Agarwala and Marshall Tappen and Carsten Rother},
  TITLE="A Comparative Study of Energy Minimization Methods for {M}arkov Random Fields",
  booktitle=ECCV,
  year="2006",
  volume="1"
}

@Article{Werner-PAMI07,
  UPDATE  = { 2007-07-24 },
  author =       {Werner, Tom{\'a}{\v s}},
  title =        {A Linear Programming Approach to Max-sum Problem: {A} Review},
  journal =      PAMI,
  year =         {2007},
  volume =       {29},
  number =       {7},
  pages =        {1165--1179},
  month =        {July},
  publisher =    {IEEE Computer Society},
  address =      {Los Alamitos, USA}
}

@InProceedings{Rother:CVPR07,
  author =   {C. Rother and V. Kolmogorov and V. Lempitsky and M. Szummer},
  title =    {Optimizing binary {MRF}s via extended roof duality},
  booktitle = CVPR,
  year =     2007
}

@article {Koster-98,
	author = "Koster, Arie M.C.A. and Hoesel, S.P.M.V. and Kolen, A.W.J.",
	title = "The partial constraint satisfaction problem: Facets and lifting theorems",
	journal = "Operations Research Letters",
	volume = "23",
	year = "1998",
	pages = "89-97(9)"
}


@InProceedings{Chekuri-01,
author = {Chandra Chekuri and Sanjeev Khanna and Joseph Naor and Leonid Zosin},
title= {Approximation algorithms for the metric labeling problem via a new linear programming formulation},
booktitle={In Symposium on Discrete Algorithms},
pages ={109-118},
year= {2001}
}



@String{j-SIAM-J-DISCR-MATH     = "SIAM Journal on Discrete Mathematics"}

@Article{Chekuri:2005:LPF,
  author =       "C. Chekuri and S. Khanna and J. Naor and L. Zosin",
  title =        "A Linear Programming Formulation and Approximation
                 Algorithms for the Metric Labeling Problem",
  journal =      j-SIAM-J-DISCR-MATH,
  volume =       "18",
  number =       "3",
  pages =        "608--625",
  year =         "2005",
  CODEN =        "SJDMEC",
  bibdate =      "Sat Apr 16 11:16:35 MDT 2005",
}


@ARTICLE{Kolmogorov-Rother-07-QBPO-pami,
  AUTHOR="Vladimir Kolmogorov and Carsten Rother",
  TITLE="Minimizing non-submodular functions with graph cuts -- a review",
  journal=PAMI,
  year="2007",
  xmonth="accepted",
}

@ARTICLE{Kolmogorov-06-convergent-pami,
  AUTHOR="Vladimir Kolmogorov",
  TITLE="Convergent Tree-reweighted Message Passing for Energy Minimization",
  journal=PAMI,
  year="2006",
  month="october",
  volume="28(10)",
  pages="1568-1583"
}

@TechReport{DSchlesinger-K2,
  IS = {TUD-FI06-01},
  UPDATE  = { 2005-10-03 },
  author =       {Dmitrij Schlesinger and Boris Flach},
  title =        {Transforming an arbitrary MinSum problem into a binary one},
  institution =  {Dresden University of Technology},
  year =         {2006},
  month =        {April},
  xtype =         {Research Report},
  number =       {{TUD-FI06-01}},
}

@inproceedings{Kolmogorov-05-opt,
 author = {V. N. Kolmogorov and M. J. Wainwright},
 title = {On optimality of tree-reweighted max-product message-passing}, 
 booktitle = "Uncertainty in Artificial Intelligence",
 month="July",
 year="2005",
 xaddress="Edinburgh, Scotland"
} 

@inproceedings{Rother-05-tapestry,
 author = {Carsten Rother and Sanjiv Kumar and Vladimir Kolmogorov and Andrew Blake},
 title = {Digital Tapestry},
 booktitle = CVPR,
 year = {2005},
 isbn = {0-7695-2372-2},
 pages = {589--596},
 doi = {http://dx.doi.org/10.1109/CVPR.2005.130},
 publisher = {IEEE Computer Society},
 address = {Washington, DC, USA},
 }


@incollection{Wainwright03nips, 
	author = "Martin Wainwright and Tommi Jaakkola and Alan Willsky", 
	title = "Exact {MAP} Estimates by (Hyper)tree Agreement", 
	original = "psgz/AA42.ps.gz", 
	booktitle = NIPS, 
	editor = "S. Becker, S. Thrun and K. Obermayer", 
	publisher = "MIT Press",
	pages = "809-816", 
	year = "2003"}

@InProceedings{kolmogorov05aistas,
	title ={Convergent tree-reweighted message passing for energy minimization}, 
	pages = {182-189}, 
	author = {Vladimir Kolmogorov}, 
	booktitle = {AI and Statistics},
	editor = {Robert G. Cowell and Zoubin Ghahramani}, 
	year = {2005}, 
	publisher = {Society for Artificial Intelligence and Statistics}
	}

@article{freytutorial,
 author = {Nebojsa Jojic},
 xnote = {Senior Member-Brendan J. Frey},
 title = {A Comparison of Algorithms for Inference and Learning in Probabilistic Graphical Models},
 journal = PAMI,
 volume = {27},
 number = {9},
 year = {2005},
 xxissn = {0162-8828},
 pages = {1392--1416},
 xxdoi = {http://dx.doi.org/10.1109/TPAMI.2005.169},
 publisher = {IEEE Computer Society},
 address = {Washington, DC, USA},
 }


@TECHREPORT{Kolmogorov04,
  AUTHOR="Vladimir Kolmogorov",
  TITLE="Convergent tree-reweighted message passing for energy minimization",
  institution="Microsoft Research Cambridge",
  year="2004",
  number="{MSR-TR-2004-90}",
  month="September"
}

@TECHREPORT{Wainwright03,
  AUTHOR="Martin J. Wainwright and Tommi S. Jaakkola and Alan S. Willsky",
  TITLE="{MAP} estimation via agreement on (hyper) trees: Message-passing and linear programming approaches",
  institution="University of California, Computer Science Division (EECS)",
  year="2003",
  number="{MSR-TR-2004-90}",
  month="UCB/CSD-3-1269"
}

@ARTICLE{Iwata00,
  AUTHOR="Satoru Iwata and Lisa Fleischer and Satoru Fujishige",
  TITLE="A Combinatorial, Strongly Polynomial-Time Algorithm for Minimizing Submodular Functions",
  journal="Journal of the {ACM}",
  year="2001",
  number="48",
  volume="4",
  pages="761-777",
  url="http://www.andrew.cmu.edu/user/lkf/papers/sfm.pdf"
}


@ARTICLE{Schrijver00,
  AUTHOR="A. Schrijver",
  TITLE="A combinatorial algorithm minimizing submodular functions in strongly polynomial time",
  journal="Journal of Combinatorial Theory",
  year="2000",
  number="80",
  volume="Series B",
  pages="346--355",
  url="http://homepages.cwi.nl/~lex/files/minsubm6.ps"
}

@Article{Grotschel81a,
  author       = "Martin Gr{\"o}tschel and L{\'a}szlo Lov{\'a}sz and Alexander Schrijver",
  title        = "{The ellipsoid method and its consequences in combinatorial optimization}",
  journal      = "IIASA Collab. Proceedings Ser. CP-81-S1",
  pages        = "511--546",
  year         = "1981",
  classmath    = "*90C10 68Q25 05C70 05B40 05B35",
  language     = "English",
  url="http://www.zib.de/groetschel/pubnew/paper/groetschellovaszschrijver1981b.djvu"
}

@Article{Grotschel81b,
  author       = "Martin Gr{\"o}tschel and William R. Pulleyblank",
  title        = "{Weakly bipartite graphs and the max-cut problem}",
  journal      = "Operations Research Letters",
  volume       = "1",
  number       = "1",
  pages        = "23--27",
  year         = "1981",
  classmath    = "*90C35 05C38 68Q25",
  language     = "English",
  url="http://www.zib.de/groetschel/pubnew/paper/groetschellovaszschrijver1981b.djvu"
}

@TECHREPORT{Yedidia01,
  AUTHOR="Jonathan S. Yedidia and William T. Freeman and Yair Weiss",
  TITLE="Bethe free energy, Kikuchi approximations, and belief propagation algorithms.",
  institution="MITSUBISHI ELECTRIC RESEARCH LABORATORIES",
  year="2001",
  number="TR-2001-16",
  month="May",
  url="http://www.merl.com/reports/docs/TR2001-16.pdf"
}

@inproceedings{Boykov01a,
    author = "Yuri Boykov and Vladimir Kolmogorov",
    title = "An Experimental Comparison of Min-cut/Max-flow Algorithms for Energy Minimization in Vision",
    booktitle = EMMCVPR,
    pages = "359-374",
    year = "2001",
    xurl="http://www.csd.uwo.ca/faculty/yuri/Papers/pami04.pdf"
}
    
@Inproceedings{Boykov99,
  author = 	 "Y. Boykov and O. Veksler and R. Zabih",
  title = 	 "Fast approximate energy minimization via graph cuts",
  booktitle =ICCV,
  year = 	 "1999",
  pages =	 "377-384",
  volume="1",
  xurl="http://www.csd.uwo.ca/faculty/yuri/Papers/iccv99.pdf"
}

@inproceedings{Boykov04,
	author={Yuri Boykov and Vladimir Kolmogorov },
	title={An Experimental Comparison of Min-Cut/Max-Flow Algorithms for Energy Minimization in Vision },
	booktitle=PAMI,
	volume={26},
	pages={1124-1137},
	month={Sept},
	year={2004},
	xurl={http://www.csd.uwo.ca/faculty/yuri/Papers/pami04.pdf}
	}
	
@Article{Greig89,
  author = 	 {D.M. Greig and B.T. Porteous and A.H. Seheult},
  title = 	 {Exact Maximum A Posteriori Estimation for Binary Images},
  journal = 	 {Journal of the Royal Statistical Society, Series {B}},
  year = 	 {1989},
  volume =	 {51},
  number =	 {2},
  pages =	 {271-279},
}


@Inproceedings{Ishikawa98,
  author = 	 "Hiroshi Ishikawa and Davi Geiger",
  title = 	 "Segmentation by grouping junctions",
  booktitle = CVPR,
  year = 	 "1998"
}

@InProceedings{Kolmogorov02:regular,
  author = 	 {V. Kolmogorov and R. Zabih},
  title = 	 {What Energy Functions Can Be Minimized via
                  Graph Cuts},
  booktitle = 	 {ECCV 2002},
  pages = 	 {65-81},
  year = 	 {2002},
  blablaeditor = 	 {A. Heyden et al.},
  number = 	 {2352},
  series = 	 {LNCS},
  xaddress = 	 {Berlin Heidelberg},
  xpublisher = {Springer-Verlag},
}

@inproceedings{Rother04,
  author = {Rother, Carsten and Kolmogorov, Vladimir and Blake, Andrew},
  ee = {http://doi.acm.org/10.1145/1015706.1015720},
  journal = {{ACM} Transactions on Graphics ({SIGGRAPH})},
  number = 3,
  pages = {309-314},
  title = {{GrabCut}: interactive foreground extraction using iterated graph cuts},
  url = {http://dblp.uni-trier.de/db/journals/tog/tog23.html#RotherKB04},
  volume = 23,
  year = 2004
}

@INPROCEEDINGS{Boykov00,
	AUTHOR="Yuri Boykov and Marie-Pierre Jolly",
  TITLE="Interactive Organ Segmentation Using Graph Cuts.",
  booktitle="Medical Image Computing and Computer-Assisted Intervention {(MICCAI)}",
  year="2000",
  pages="276-286",
  month="October",
  url="http://www.csd.uwo.ca/faculty/yuri/Papers/miccai00.pdf"
}

@Article{Boykov01PAMI,
   author   = "Boykov, Y. and Veksler, O. and Zabih, R.",
   title    = "Fast Approximate Energy Minimization via Graph Cuts",
   journal  = PAMI,
   volume   = "23",
   number   = "11",
   year     = "2001",
   pages    = "1222-1239"
}

@INPROCEEDINGS{Boykov01b,
	AUTHOR="Yuri Boykov and Marie-Pierre Jolly",
  TITLE="Interactive Graph Cuts for Optimal Boundary \& Region Segmentation of Objects in N-D Images",
  booktitle=ICCV,
  year="2001",
  pages="105--112",
  volume="1",
  month="",
  url="http://www.csd.uwo.ca/faculty/yuri/Papers/iccv01.pdf"
}


@inproceedings{Roy00,
 AUTHOR = "Roy, S. and Govindu, V.",
 title = {{MRF} Solutions for Probabilistic Optical Flow Formulations},
 booktitle = {International Conference on Pattern Recognition},
 year = {2000},
 pages = {7053},
 volume = {3},
 publisher = {IEEE Computer Society},
 xxaddress = {Washington, DC, USA},
 }

@INPROCEEDINGS{Boykov98,
	AUTHOR="Yuri Boykov and Olga Veksler and Ramin Zabih",
  TITLE="{M}arkov Random Fields with Efficient Approximations",
  booktitle=CVPR,
  year="1998",
  pages="648--655",
  month="",
  url="http://www.csd.uwo.ca/faculty/yuri/Papers/cvpr98.pdf"
}

@techreport{BoykovVekslerZabih98,
	author={Yuri Boykov, Olga Veksler, Ramin Zabih},
	title={Efficient Restoration of Multicolor Images with Independent Noise},
	institution={ncstrl.cornell},
	number={{TR98-1712}},
	year={1998},
	url={http://www.csd.uwo.ca/faculty/yuri/Papers/jrssb98.pdf}
}


@INPROCEEDINGS{Flach00,
	AUTHOR="Boris Flach and Michail I. Schlesinger",
  TITLE="A Class of Solvable Consistent Labeling Problems",
  booktitle="Advances in Pattern Recognition, LNCS",
  year="2000",
  volume="1876",
  pages="462--471",
  month="",
  url="http://www.ki.inf.tu-dresden.de/~bflach/parts/data/closedp.ps"
}


@ARTICLE{Stoer97,
  AUTHOR="Mechthild Stoer and Frank Wagner",
  TITLE="A simple min-cut algorithm",
  journal="Journal of the {ACM}",
  year="1997",
  number="44",
  volume="4",
  pages="585-591",
  month="July",
  url=""
}

@article{Kwatra-Schodl03,
  added-at = {2008-10-14T18:05:09.000+0200},
  author = {Kwatra, Vivek and Schodl, Arno and Essa, Irfan and Turk, Greg and Bobick, Aaron},
  biburl = {http://www.bibsonomy.org/bibtex/2c7499744314edfad860167a391602c70/akpeker},
  journal = {{ACM} Transactions on Graphics, {SIGGRAPH}},
  keywords = {graphcut image imported texture video},
  month = {July},
  number = 3,
  pages = {277-286},
  timestamp = {2008-10-14T18:05:09.000+0200},
  title = {Graphcut Textures: Image and Video Synthesis Using Graph Cuts},
  volume = 22,
  year = 2003
}


@article{Ye91,
author = {Y. Ye},
title="{An $O(n^3L)$ potential reduction algorithm for linear programming}",
journal={Mathematical programming},
number={50},
pages={239-258},
year={1991}
}


@inproceedings{KolmogorovWainwright05Optimality,
author={Vladimir Kolmogorov and Martin Wainwright},
title={On the Optimality of Tree-reweighted Max-product Message Passing},
booktitle={Uncertainty in Artificial Intelligence (UAI)},
month={July},
year={2005}
}

@TechReport{Werner-TR-05,
  IS = { zkontrolovano 30 Dec 2005 },
  UPDATE  = { 2005-10-03 },
  author =       {Werner, Tom{\'a}{\v s}},
  title =        {A Linear Programming Approach to Max-sum Problem: {A} review},
  institution =  {Center for Machine Perception, Czech Technical University},
  xaddress =      {Prague, Czech Republic},
  year =         {2005},
  month =        {Dec.},
  xtype =         {Research Report},
  number =       {{CTU--CMP--2005--25}},
  xissn =         {1213-2365},
  pages =        {40}
}

@Article{FelsenszwalbHuttenlocherEfficientBeliefPropagation,
  Title                    = {Efficient Belief Propagation for Early Vision.},
  Author                   = {Felzenszwalb, P. F. and Huttenlocher, D. P.},
  Journal                  = {International Journal of Computer Vision},
  Year                     = {2006},
  Number                   = {1},
  Pages                    = {41-54},
  Volume                   = {70},
  Date                     = {2007-02-09},
}



@article{Schlesinger-diffusion,
 author = {Schlesinger, M. I. and Antoniuk, K. V.},
 title = {Diffusion Algorithms and Structural Recognition Optimization Problems},
 journal = {Cybernetics and Sys. Anal.},
 issue_date = {March     2011},
 volume = {47},
 number = {2},
 month = mar,
 year = {2011},
 issn = {1060-0396},
 pages = {175--192},
 numpages = {18},
 publisher = {Kluwer Academic Publishers},
 address = {Hingham, MA, USA},
 keywords = {discrete optimization, labeling, permuted supermodularity, structural recognition},
} 

@article{Schles-subgradient,
 author = {M. I. Schlesinger and V. V. Giginyak},
 title = {Solution to Structural Recognition (max,+)-problems by their Equivalent Transformations},
 journal = {Control Systems and Computers},
 pages = {3--15},
 number = {1,2},
	year="2007",
	xxnote = "In Russian",
}

@inproceedings{Schlesinger:2011,
 author = {Schlesinger, Michail and Vodolazskiy, Evgeniy and Lopatka, Nikolai},
 title = {Stop condition for subgradient minimization in dual relaxed (max,+) problem},
 booktitle = EMMCVPR,
 series = {EMMCVPR'11},
 year = {2011},
 isbn = {978-3-642-23093-6},
 location = {St. Petersburg, Russia},
 pages = {118--131},
 numpages = {14},
 url = {http://dl.acm.org/citation.cfm?id=2032617.2032628},
 acmid = {2032628},
 publisher = {Springer-Verlag},
 address = {Berlin, Heidelberg},
 keywords = {energy minimization, equivalent transformation, labeling problem, relaxation, reparametrisation, subgradient descent},
} 

@article{Kovtun-10,
author = {I. Kovtun},
title= {Sufficient condition for partial optimality for (max, +) labeling problems and its usage},
journal={Control Systems and Computers},
year={2011},
number={2},
note={Special issue}
}


@article{Schlesinger-76,
   author = {Shlezinger, M.I.},
   title = {Syntactic analysis of two-dimensional visual signals in the presence of noise},
   journal = {Cybernetics and Systems Analysis},
   pages = {113-130},
   volume = {4},
   xissue = {4},
   xurl = {http://www.irtc.org.ua/image/publications/Schles_76},
   xnote = {10.1007/BF01070399},
   year = {1976},
   note = {See review by~\citet{Werner-PAMI07}.},
}

@ARTICLE{xxSchlesinger76,
  AUTHOR="Schlesinger, M.I.",
  TITLE="Syntactic analysis of two-dimensional visual signals in noisy conditions",
  journal="Kibernetika",
  year="1976",
  volume="4",
  pages={113-130},
  url="",
  langueage="russian",
  address = "Kiev",
  note={In Russian}
}



@ARTICLE{Koval76,
  AUTHOR="V.K. Koval and M.I. Schlesinger",
  TITLE="Two-dimensional programming in image analysis problems",
  journal="Automatics and Telemechanics",
  year="1976",
  nonumber="",
  volume="2",
  pages="149--168",
  langueage="russian",
  note={In Russian, See review by~\citet{Werner-PAMI07}},
}


@PHDTHESIS{Kovtun04PHD,
author="Kovtun, I.",
title={Image segmentation based on sufficient conditions of optimality in {NP}-complete classes of structural labelling problem},
school={IRTC ITS National Academy of Sciences, Ukraine},
year={2004},
xlanguage={ukrainian},
note={In Ukrainian}
}

@MASTERSTHESIS{Shekhovtsov05en,
author={Alexander Shekhovtsov},
title="{Sufficient conditions of optimality of partial solution of {NP}-complete labeling problems in image analysis}",
school={NTUU KPI, Ukraine},
year={2005},
month={June}
}

@INPROCEEDINGS{Kovtun03,
	AUTHOR="Kovtun, I.",
  TITLE="{Partial optimal labeling search for a {NP}-hard subclass of (max, +) problems}",
  booktitle="{DAGM}-Symposium",
  year=" 2003",
  pages="402--409",
}

@INPROCEEDINGS{Schlesinger02,
	AUTHOR="Michail I. Schlesinger and Boris Flach",
  TITLE="Analysis of Optimal Labelling Problems and Application to Image Segmentation and Binocular Stereovision",
  booktitle="International EAST-WEST-VISION Workshop",
  year="2002",
  editor="Franz Leberl, Andrej Ferko",
  nopages="",
}


@CONFERENCE{Schlesinger00,
  AUTHOR="M. I. Schlesinger and B. Flach",
  TITLE="Some solvable subclasses of structural recognition problems",
  booktitle="Czech Pattern Recognition Workshop 2000, invited paper",
  year="2000",
  editor="T. Svoboda",
  xorganization="Chezh Pattern Recognition Society",
  month="February",
  xurl="http://www.ki.inf.tu-dresden.de/~bflach/parts/data/sssrp.pdf"
}



@ARTICLE{Kovalevsky75,
  AUTHOR="V.A. Kovalevsky and V.K. Koval",
  TITLE="Parallel Computation Scheme for a 2D Linear Programming Problem",
  journal="Signal Processing and Recognition, Kiev",
  year="1975",
  number="",
  volume="",
  pages="38--62",
  langueage="russian"
}


@article{Schlesinger75,
author={M.I. Schlesinger},
title={Method of Potential Functions},
journal="{Encyclopedia of Cybernetics}",
yeay={1973},
volume={1-2},
pages={371-373}
}


@INPROCEEDINGS{Ryabokon02,
	AUTHOR="D. Ryabokon",
  TITLE="Creating 3d models of objects by their stereoimages for virtual museums",
  booktitle="Proceedings of Electronic Images and Visual Arts (EVA'2002), Kiev",
  year="2002",
  editor="",
  pages="61-68",
  month=""
}


@INPROCEEDINGS{Lawler-66,
	author = {Lawler, E.},
	title = {Optimal Cycles in Doubly Weighted Directed Linear Graphs},
	booktitle = {Int�l Symp. Theory of Graphs},
	year  = {1966},
}

@article{Woodford-08,
author = {Oliver Woodford and Philip Torr and Ian Reid and Andrew Fitzgibbon},
title = {Global Stereo Reconstruction under Second-Order Smoothness Priors},
journal ={PAMI},
volume = {31},
number = {12},
xissn = {0162-8828},
year = {2009},
xpages = {2115-2128},
doi = {http://doi.ieeecomputersociety.org/10.1109/TPAMI.2009.131},
xpublisher = {IEEE Computer Society},
xaddress = {Los Alamitos, CA, USA},
}

@INPROCEEDINGS{Zach-14,
	author = {Zach, Christopher},
	title = {A Principled Approach for Coarse-to-Fine {MAP} Inference},
	booktitle = {CVPR},
	year = {2014},
}

@article{Kolmogorov-13-SRMP-CoRR,
  author    = {Vladimir Kolmogorov},
  title     = {Reweighted message passing revisited},
  journal   = {CoRR},
  year      = {2013},
  volume    = {abs/1309.5655},
  xurl       = {http://arxiv.org/abs/1309.5655},
  xtimestamp = {Mon, 08 Sep 2014 18:09:43 +0200},
  xbiburl    = {http://dblp.uni-trier.de/rec/bib/journals/corr/Kolmogorov13},
  xbibsource = {dblp computer science bibliography, http://dblp.org}
}

@inproceedings{Schlesinger:2011,
 author = {Schlesinger, Michail and Vodolazskiy, Evgeniy and Lopatka, Nikolai},
 title = {Stop condition for subgradient minimization in dual relaxed (max,+) problem},
 booktitle = EMMCVPR,
 series = {EMMCVPR'11},
 year = {2011},
 isbn = {978-3-642-23093-6},
 location = {St. Petersburg, Russia},
 pages = {118--131},
 numpages = {14},
 url = {http://dl.acm.org/citation.cfm?id=2032617.2032628},
 acmid = {2032628},
 publisher = {Springer-Verlag},
 address = {Berlin, Heidelberg},
 keywords = {energy minimization, equivalent transformation, labeling problem, relaxation, reparametrisation, subgradient descent},
} 

@inproceedings{tarlow2011dynamic,
  title={Dynamic tree block coordinate ascent},
  author={Tarlow, Daniel and Batra, Dhruv and Kohli, Pushmeet and Kolmogorov, Vladimir},
  booktitle={ICML},
  year={2011}
}

@inproceedings{Sontag-09,
  author = {Sontag, David and Jaakkola, Tommi S.},
  booktitle = {AISTATS},
  ee = {http://www.jmlr.org/proceedings/papers/v5/sontag09a.html},
  xpages = {544-551},
  xpublisher = {JMLR.org},
  xseries = {JMLR Proceedings},
  title = {Tree Block Coordinate Descent for {MAP} in Graphical Models.},
  xurl = {http://dblp.uni-trier.de/db/journals/jmlr/jmlrp5.html#SontagJ09},
  xvolume = 5,
  year = 2009
}

@article{SSS-15-IR-Ar,
  author    = {Shekhovtsov, Alexander and
               Swoboda, Paul and
               Savchynskyy, Bogdan},
  title     = {Maximum Persistency via Iterative Relaxed Inference with Graphical
               Models},
  journal   = {CoRR},
  volume    = {abs/1508.07902},
  year      = {2015},
  url       = {http://arxiv.org/abs/1508.07902},
  timestamp = {Tue, 01 Sep 2015 14:42:40 +0200},
  biburl    = {http://dblp.uni-trier.de/rec/bib/journals/corr/ShekhovtsovSS15},
  bibsource = {dblp computer science bibliography, http://dblp.org}
}

@inproceedings{SSS-15-IRI,
  title={Maximum Persistency via Iterative Relaxed Inference with Graphical Models},
  author={Shekhovtsov, A. and Swoboda, P. and Savchynskyy, B.},
  booktitle = CVPR,
  year={2015},
}

@inproceedings{BachHG15,
  added-at = {2015-05-07T00:00:00.000+0200},
  author = {Bach, Stephen H. and Huang, Bert and Getoor, Lise},
  biburl = {http://www.bibsonomy.org/bibtex/281f47202570a56fbb199fad36d882489/dblp},
  booktitle = {AISTATS},
  crossref = {conf/aistats/2015},
  editor = {Lebanon, Guy and Vishwanathan, S. V. N.},
  ee = {http://jmlr.org/proceedings/papers/v38/bach15.html},
  interhash = {ec9abde5fca897811b5b3735a83bd254},
  intrahash = {81f47202570a56fbb199fad36d882489},
  keywords = {dblp},
  publisher = {JMLR.org},
  series = {JMLR Proceedings},
  timestamp = {2015-06-18T19:53:32.000+0200},
  title = {Unifying Local Consistency and MAX SAT Relaxations for Scalable Inference with Rounding Guarantees.},
  url = {http://dblp.uni-trier.de/db/conf/aistats/aistats2015.html#BachHG15},
  volume = 38,
  year = 2015
}

@incollection{Kolmogorov-12-LP-power,
year={2013},
isbn={978-3-642-39205-4},
booktitle={Automata, Languages, and Programming},
volume={7965},
series={Lecture Notes in Computer Science},
editor={Fomin, FedorV. and Freivalds, Rusin� and Kwiatkowska, Marta and Peleg, David},
doi={10.1007/978-3-642-39206-1_53},
title={The Power of Linear Programming for Finite-Valued {CSP}s: A Constructive Characterization},
url={http://dx.doi.org/10.1007/978-3-642-39206-1_53},
publisher={Springer Berlin Heidelberg},
author={Kolmogorov, Vladimir},
pages={625-636},
language={English}
}

@InProceedings{Thapper-13,
  author      =  "Johan Thapper and Stanislav \v{Z}ivn\'y",
  title       =  "The complexity of finite-valued {C}{S}{P}s",
  year        =  "2013",
  booktitle   =  "Symposium on the Theory of Computing (STOC)",
  publisher   =  "ACM",
  pages       =  "695--704",
  doi         =  "10.1145/2488608.2488697",
  url         =  "http://www.cs.ox.ac.uk/Stanislav.Zivny/homepage/publications/tz13stoc-preprint.pdf"
}

@book{approx99,
  title = {{Complexity and Approximation: Combinatorial Optimization Problems and Their Approximability Properties}},
  author = {Giorgio Ausiello and Pierluigi Crescenzi and Giorgio Gambosi and Viggo Kann and Alberto Marchetti-Spaccamela and Marco Protasi},
  isbn = {9783540654315},
  lccn = {99040936},
  year = {1999},
  publisher = {Springer}
}

@article{Ishikawa-11,
        AUTHOR = "Ishikawa, H.",
        TITLE = "Transformation of General Binary {MRF} Minimization to the First-Order Case",
        JOURNAL = {PAMI},
        VOLUME = "33",
        YEAR = "2011",
        NUMBER = "6",
        MONTH = "June",
        PAGES = "1234-1249",
	}

@TECHREPORT{Orponen90onapproximation,
    author = {Pekka Orponen and Heikki Mannila},
    title = {On Approximation Preserving Reductions: Complete Problems and Robust Measures (Revised Version)},
    institution = {},
    year = {1990}
}

@article{Cooper-10-SoftAC,
title = "Soft arc consistency revisited ",
journal = "Artificial Intelligence ",
volume = "174",
number = "7�8",
pages = "449 - 478",
year = "2010",
note = "",
issn = "0004-3702",
doi = "http://dx.doi.org/10.1016/j.artint.2010.02.001",
url = "http://www.sciencedirect.com/science/article/pii/S0004370210000147",
author = "M.C. Cooper and S. de Givry and M. Sanchez and T. Schiex and M. Zytnicki and T. Werner",
keywords = "Valued constraint satisfaction problem",
keywords = "Weighted constraint satisfaction problem",
keywords = "Soft constraints",
keywords = "Constraint optimization",
keywords = "Local consistency",
keywords = "Soft arc consistency",
keywords = "Graphical model",
keywords = "Submodularity ",
abstract = "The Valued Constraint Satisfaction Problem (VCSP) is a generic optimization problem defined by a network of local cost functions defined over discrete variables. It has applications in Artificial Intelligence, Operations Research, Bioinformatics and has been used to tackle optimization problems in other graphical models (including discrete Markov Random Fields and Bayesian Networks). The incremental lower bounds produced by local consistency filtering are used for pruning inside Branch and Bound search. In this paper, we extend the notion of arc consistency by allowing fractional weights and by allowing several arc consistency operations to be applied simultaneously. Over the rationals and allowing simultaneous operations, we show that an optimal arc consistency closure can theoretically be determined in polynomial time by reduction to linear programming. This defines Optimal Soft Arc Consistency (OSAC). To reach a more practical algorithm, we show that the existence of a sequence of arc consistency operations which increases the lower bound can be detected by establishing arc consistency in a classical Constraint Satisfaction Problem (CSP) derived from the original cost function network. This leads to a new soft arc consistency method, called, Virtual Arc Consistency which produces improved lower bounds compared with previous techniques and which can solve submodular cost functions. These algorithms have been implemented and evaluated on a variety of problems, including two difficult frequency assignment problems which are solved to optimality for the first time. Our implementation is available in the open source toulbar2 platform. "
}

@ARTICLE{Prusa-Werner-15-Universality, 
author={Prusa, D. and Werner, T.}, 
journal={PAMI}, 
title={Universality of the Local Marginal Polytope}, 
year={2015}, 
volume={37}, 
number={4}, 
xpages={898-904}, 
keywords={computational complexity;graph theory;linear programming;maximum likelihood estimation;LP relaxation;MAP inference problem;discrete energy minimization;graphical model;linear optimization;linear programming;local marginal polytope;maximum a priori estimation;min-sum labeling problem;time complexity;valued constraint satisfaction;Complexity theory;Encoding;Equations;Face;Minimization;Optimization;Vectors;Graphical model;Markov random field;discrete energy minimization;linear programming relaxation;local marginal polytope;valued constraint satisfaction}, 
doi={10.1109/TPAMI.2014.2353626}, 
ISSN={0162-8828}, 
month={April},}


@inproceedings{hurkatfast-15,
  title={Fast Hierarchical Implementation of Sequential Tree-reweighted Belief Propagation for Probabilistic Inference},
  author={Hurkat, Skand and Choi, Jungwook and Nurvitadhi, Eriko and Mart{\i}nez, Jos{\'e} F and Rutenbar, Rob A},
  booktitle = {Field Programmable Logic},
  year = 2012,
}

@inproceedings{ChoiR12,
  author = {Choi, Jungwook and Rutenbar, Rob A.},
  booktitle = {Field Programmable Logic},
  xcrossref = {conf/fpl/2012},
  xeditor = {Koch, Dirk and Singh, Satnam and T�rresen, Jim},
  ee = {http://dx.doi.org/10.1109/FPL.2012.6339183},
  xisbn = {978-1-4673-2257-7},
  keywords = {dblp},
  xpages = {209-216},
  xpublisher = {IEEE},
  xtimestamp = {2012-11-13T11:44:29.000+0100},
  title = {Hardware implementation of {MRF} {MAP} inference on an {FPGA} platform.},
  url = {http://dblp.uni-trier.de/db/conf/fpl/fpl2012.html#ChoiR12},
  year = 2012
}

@article{alimonti1998complexity,
  title={On the Complexity of approximating weighted satisfiability problems},
  author={Alimonti, Paola and Ausiello, Giorgio and Giovaniello, Loredana and Protasi, Marco},
  year={1998}
}


@inproceedings{Freuder:1991,
 author = {Freuder, Eugene C.},
 title = {Eliminating Interchangeable Values in Constraint Satisfaction Problems},
 booktitle = {Proceedings of the Ninth National Conference on Artificial Intelligence},
 xseries = {AAAI'91},
 year = {1991},
 xisbn = {0-262-51059-6},
 xlocation = {Anaheim, California},
 xpages = {227--233},
 xnumpages = {7},
 url = {http://dl.acm.org/citation.cfm?id=1865675.1865711},
 xacmid = {1865711},
 xpublisher = {AAAI Press},
}

@INPROCEEDINGS{SavchynskyyNIPS2013,
  author = {Savchynskyy, Bogdan and Kappes, J{\"o}rg Hendrik and Swoboda, Paul
	and Schn\"orr, Cristoph},
  title = {Global {MAP}-Optimality by Shrinking the Combinatorial Search Area
	with Convex Relaxation},
  booktitle = {NIPS},
  year = {2013},
  note = {Accepted}
}

@INPROCEEDINGS{Kappes-2013-benchmark,
author = "Kappes, J{\"o}rg H. and Andres, Bjoern and Hamprecht, Fred A. and Schn{\"o}rr, Christoph and Nowozin, Sebastian and Batra, Dhruv and Kim, Sungwoong and Kausler, Bernhard X. and Lellmann, Jan and Komodakis, Nikos and Rother, Carsten",
title = {A Comparative Study of Modern Inference Techniques for Discrete Energy Minimization Problem},
booktitle = CVPR,
year = "2013"
}

@INPROCEEDINGS{Swoboda-13,
    author = {Swoboda, P. and Savchynskyy, B. and Kappes, J.A and Schn\"orr, C.},
    title = {Partial optimality via iterative pruning for the {P}otts model},
    booktitle = {SSVM},
    year = {2013}
}

@inproceedings{Alahari-08,
  author    = {Karteek Alahari and
               Pushmeet Kohli and
               Philip H. S. Torr},
  title     = {Reduce, reuse {\&} recycle: Efficiently solving multi-label
               {MRF}s},
  booktitle = CVPR,
  year      = {2008},
  ee        = {http://dx.doi.org/10.1109/CVPR.2008.4587402},
  xcrossref  = {DBLP:conf/cvpr/2008},
  bibsource = {DBLP, http://dblp.uni-trier.de}
}

@article{Wainwright-08,
  author    = {Martin J. Wainwright and
               Michael I. Jordan},
  title     = {Graphical Models, Exponential Families, and Variational
               Inference},
  journal   = {Foundations and Trends in Machine Learning},
  volume    = {1},
  number    = {1-2},
  year      = {2008},
  pages     = {1-305},
  ee        = {http://dx.doi.org/10.1561/2200000001},
  bibsource = {DBLP, http://dblp.uni-trier.de}
}

@article{Johnson-07,
  author    = {Jason K. Johnson and
               Dmitry M. Malioutov and
               Alan S. Willsky},
  title     = {Lagrangian Relaxation for {MAP} Estimation in Graphical Models},
  journal   = CoRR,
  number    = {abs/0710.0013},
  year      = {2007},
  ee        = {http://arxiv.org/abs/0710.0013},
  bibsource = {DBLP, http://dblp.uni-trier.de}
}

@article{Darbon-09,
 author = {Darbon, J{\'e}r\^{o}me},
 title = {Global optimization for first order Markov Random Fields with submodular priors},
 journal = {Discrete Appl. Math.},
 issue_date = {August, 2009},
 volume = {157},
 number = {16},
 month = aug,
 year = {2009},
 issn = {0166-218X},
 pages = {3412--3423},
 numpages = {12},
 url = {http://dx.doi.org/10.1016/j.dam.2009.02.026},
 doi = {10.1016/j.dam.2009.02.026},
 acmid = {1618744},
 publisher = {Elsevier Science Publishers B. V.},
 address = {Amsterdam, The Netherlands, The Netherlands},
 keywords = {Global optimization, Maximum flow/s,t minimum cut, Submodular functions},
} 

@INPROCEEDINGS{Fix-11, 
author={Fix, A. and Gruber, A. and Boros, E. and Zabih, R.}, 
booktitle=ICCV, 
title={A graph cut algorithm for higher-order {M}arkov Random Fields}, 
year={2011}, 
xmonth={nov.}, 
novolume={}, 
nonumber={}, 
pages={1020 -1027}, 
keywords={Computational modeling;Computer vision;Educational institutions;Optimization;Polynomials;Transforms;Markov processes;computer vision;graph theory;computer vision;exact solution;first-order MRF;fusion moves;graph cut algorithm;graph cut technique;higher-order Markov random fields;local completeness property;natural images;optimal labeling;pseudo-Boolean optimization techniques;}, 
doi={10.1109/ICCV.2011.6126347}, 
ISSN={1550-5499},}


@phdthesis{Sontag_thesis10,
 title  = {Approximate Inference in Graphical Models using {LP} Relaxations},
 author = {David Sontag},
 school = {Massachusetts Institute of Technology},
 address = {Department of Electrical Engineering and Computer Science},
 year   = {2010}
}

@inproceedings{KomodakisP08,
  author    = {Nikos Komodakis and
               Nikos Paragios},
  title     = {Beyond Loose {LP}-Relaxations: Optimizing {MRF}s by Repairing
               Cycles},
  booktitle = {ECCV (3)},
  year      = {2008},
  pages     = {806-820},
  ee        = {http://dx.doi.org/10.1007/978-3-540-88690-7_60},
  xcrossref  = {DBLP:conf/eccv/2008-3},
  bibsource = {DBLP, http://dblp.uni-trier.de}
}

@proceedings{DBLP:conf/eccv/2008-3,
  editor    = {David A. Forsyth and
               Philip H. S. Torr and
               Andrew Zisserman},
  title     = {Computer Vision - ECCV 2008, 10th European Conference on
               Computer Vision, Marseille, France, October 12-18, 2008,
               Proceedings, Part III},
  booktitle = {ECCV (3)},
  publisher = {Springer},
  series    = {Lecture Notes in Computer Science},
  volume    = {5304},
  year      = {2008},
  isbn      = {978-3-540-88689-1},
  bibsource = {DBLP, http://dblp.uni-trier.de}
}


@article{Kumar-11-improved,
 author = {Kumar, M. Pawan and Veksler, Olga and Torr, Philip H.S.},
 title = {Improved Moves for Truncated Convex Models},
 journal = {Journal of Machine Learning Research},
 issue_date = {2/1/2011},
 volume = {12},
 month = feb,
 year = {2011},
 issn = {1532-4435},
 pages = {31--67},
 numpages = {37},
 url = {http://dl.acm.org/citation.cfm?id=1953048.1953050},
 xacmid = {1953050},
 xpublisher = {JMLR.org},
} 

@inproceedings{VineetWT12,
  author    = {Vibhav Vineet and
               Jonathan Warrell and
               Philip H. S. Torr},
  title     = {A tiered move-making algorithm for general pairwise {MRF}s},
  booktitle = CVPR,
  year      = {2012},
  pages     = {1632-1639},
  xee        = {http://doi.ieeecomputersociety.org/10.1109/CVPR.2012.6247856},
  xcrossref  = {DBLP:conf/cvpr/2012},
  xbibsource = {DBLP, http://dblp.uni-trier.de}
}

@misc{HC-71,
author = {J. M. Hammersley and P. Clifford},
title = {{M}arkov fields on finite graphs and lattices},
year = {1971},
xmasid = {2038302}
}

@book{Li:2009:MRF,
 author = {Li, Stan Z.},
 title = {{M}arkov Random Field Modeling in Image Analysis},
 year = {2009},
 isbn = {9781848002784},
 edition = {3rd},
 publisher = {Springer Publishing Company, Incorporated},
} 

@article{Felzenszwalb-10,
 author = {Felzenszwalb, Pedro F. and Girshick, Ross B. and McAllester, David and Ramanan, Deva},
 title = {Object Detection with Discriminatively Trained Part-Based Models},
 journal = PAMI,
 volume = {32},
 number = {9},
 month = sep,
 year = {2010},
 xissn = {0162-8828},
 xpages = {1627--1645},
 xnumpages = {19},
 url = {http://dx.doi.org/10.1109/TPAMI.2009.167},
 doi = {10.1109/TPAMI.2009.167},
 xacmid = {1850574},
 xpublisher = {IEEE Computer Society},
 xaddress = {Washington, DC, USA},
 xkeywords = {Object recognition, Object recognition, deformable models, pictorial structures, discriminative training, latent SVM., deformable models, discriminative training, latent SVM., pictorial structures},
}

@article{FelzenszwalbH05,
  author    = {Pedro F. Felzenszwalb and
               Daniel P. Huttenlocher},
  title     = {Pictorial Structures for Object Recognition},
  journal   = {International Journal of Computer Vision},
  volume    = {61},
  number    = {1},
  year      = {2005},
  pages     = {55-79},
  ee        = {http://dx.doi.org/10.1023/B:VISI.0000042934.15159.49},
  bibsource = {DBLP, http://dblp.uni-trier.de}
}

@inproceedings{FelzenszwalbH00,
  author    = {Pedro F. Felzenszwalb and
               Daniel P. Huttenlocher},
  title     = {Efficient Matching of Pictorial Structures.},
  booktitle = CVPR,
  year      = {2000},
  pages     = {2066-2076}
}

@article{Veksler12,
  author    = {Olga Veksler},
  title     = {Multi-label Moves for {MRF}s with Truncated Convex Priors},
  journal   = {International Journal of Computer Vision},
  volume    = {98},
  number    = {1},
  year      = {2012},
  pages     = {1-14},
  xee        = {http://dx.doi.org/10.1007/s11263-011-0491-6},
  xbibsource = {DBLP, http://dblp.uni-trier.de}
}

@inproceedings{lempitsky11-pylon,
  title={A pylon model for semantic segmentation},
  author={Lempitsky, V. and Vedaldi, A. and Zisserman, A.},
  year={2011},
  booktitle = NIPS
}

@article{Szeliski08-PAMI,
author = {Richard Szeliski and Ramin Zabih and Daniel Scharstein and Olga Veksler and Vladimir Kolmogorov and Aseem Agarwala and Marshall Tappen and Carsten Rother},
title = {A Comparative Study of Energy Minimization Methods for {M}arkov Random Fields with Smoothness-Based Priors},
journal =PAMI,
volume = {30},
number = {6},
issn = {0162-8828},
year = {2008},
pages = {1068-1080},
xdoi = {http://doi.ieeecomputersociety.org/10.1109/TPAMI.2007.70844},
xpublisher = {IEEE Computer Society},
xaddress = {Los Alamitos, CA, USA},
}


@article{Avidan:2007,
 author = {Avidan, Shai and Shamir, Ariel},
 title = {Seam carving for content-aware image resizing},
 journal = {{ACM} {T}ransactions on Graphics},
 issue_date = {July 2007},
 volume = {26},
 number = {3},
 month = jul,
 year = {2007},
 issn = {0730-0301},
 articleno = {10},
 pages={10},
 url = {http://doi.acm.org/10.1145/1276377.1276390},
 xdoi = {10.1145/1276377.1276390},
 xacmid = {1276390},
 xpublisher = {ACM},
 xaddress = {New York, NY, USA},
 xkeywords = {content-aware image manipulation, display devices, image resizing, image retargeting, image seams},
} 

@TECHREPORT{Kolmogorov05primal-dualalgorithm,
    author = {Vladimir Kolmogorov},
    title = {Primal-dual algorithm for convex {M}arkov random fields},
    institution = {Microsoft Research Cambridge},
    year = {2005},
    number = {MSR-TR-2005-117},
}

@inproceedings{Lempitsky08fusionflow,
  author    = {Victor S. Lempitsky and
               Stefan Roth and
               Carsten Rother},
  title     = {FusionFlow: Discrete-continuous optimization for optical flow estimation},
  booktitle = CVPR,
  year      = {2008},
  ee        = {http://dx.doi.org/10.1109/CVPR.2008.4587751},
  xcrossref  = {DBLP:conf/cvpr/2008},
  bibsource = {DBLP, http://dblp.uni-trier.de}
}

@article{Kumar-2009,
 author = {Kumar, M. Pawan and Kolmogorov, Vladimir and Torr, Philip H. S.},
 title = {An Analysis of Convex Relaxations for {MAP} Estimation of Discrete {MRF}s},
 journal = {Journal of Machine Learning Research},
 xissue_date = {12/1/2009},
 volume = {10},
 month = jun,
 year = {2009},
 xissn = {1532-4435},
 xpages = {71--106},
 xnumpages = {36},
 url = {http://dl.acm.org/citation.cfm?id=1577069.1577072},
 xacmid = {1577072},
 xpublisher = {JMLR.org},
} 


@INPROCEEDINGS{Kim03visualcorrespondence,
    author = {Junhwan Kim and Vladimir Kolmogorov and Ramin Zabih},
    title = {Visual Correspondence Using Energy Minimization and Mutual Information},
    booktitle = ICCV,
    year = {2003},
    xpages = {1033--1040},
}

@article{DelongOIB12,
  author    = {Andrew Delong and
               Anton Osokin and
               Hossam N. Isack and
               Yuri Boykov},
  title     = {Fast Approximate Energy Minimization with Label Costs},
  journal   = {International Journal of Computer Vision},
  volume    = {96},
  number    = {1},
  year      = {2012},
  pages     = {1-27},
  xee        = {http://dx.doi.org/10.1007/s11263-011-0437-z},
  xbibsource = {DBLP, http://dblp.uni-trier.de}
}

@inproceedings{Lafferty-01,
 author = {Lafferty, John D. and McCallum, Andrew and Pereira, Fernando C. N.},
 title = {Conditional Random Fields: Probabilistic Models for Segmenting and Labeling Sequence Data},
 booktitle = ICML,
 year = {2001},
 isbn = {1-55860-778-1},
 pages = {282--289},
 numpages = {8},
 url = {http://dl.acm.org/citation.cfm?id=645530.655813},
 xacmid = {655813},
 xpublisher = {Morgan Kaufmann Publishers Inc.},
 xaddress = {San Francisco, CA, USA},
} 


@TechReport{Kolmogorov-FastPD,
 author={Vladimir Kolmogorov},
 title={A note on the primal-dual method for the semi-metric labeling problem},
 institution =  {Microsoft Research Cambridge},
 year =         {2007},
 month =        {June},
 type =         {Research Report}
}

@InProceedings{Narasimhan-05,
  author = 	 {M. Narasimhan and J. Bilmes},
  title = 	 {A supermodular-submodular procedure with applications to discriminative structure learning},
  booktitle =  {Uncertainty in Artificial Intelligence},
  year = 	 2005,
  month =    {July}
}

@book{bertsekas1995nonlinear,
  title={Nonlinear Programming},
  author={Bertsekas, D.P.},
  xisbn={9781886529144},
  xlccn={95081359},
  url={http://books.google.cz/books?id=QeweAQAAIAAJ},
  year={1995},
  xpublisher={Athena Scientific}
}

@Inproceedings{Werner-08-higher-arity,
  author = {Werner, Tomas},
  title = {High-arity Interactions, Polyhedral Relaxations, and Cutting Plane Algorithm for Soft Constraint Optimisation ({MAP-MRF})},
  year = {2008},
  booktitle = CVPR
}

@article{Osokin-11,
  author    = {Anton Osokin and Dmitry Vetrov and Vladimir Kolmogorov},
  title     = {Submodular Decomposition Framework for Inference in Associative {M}arkov Networks with Global Constraints},
  journal   = CoRR,
  number    = {abs/1103.1077},
  year      = {2011},
  ee        = {http://arxiv.org/abs/1103.1077},
}

@inproceedings{Savchynskyy-11,
  author    = {Bogdan Savchynskyy and J{\"o}rg H. Kappes and Stefan Schmidt and Christoph Schn{\"o}rr},
  title     = {A study of {N}esterov's scheme for {L}agrangian decomposition and {MAP} labeling},
  booktitle = CVPR,
  year      = {2011},
  pages     = {1817-1823},
  xee        = {http://dx.doi.org/10.1109/CVPR.2011.5995652},
  xcrossref  = {DBLP:conf/cvpr/2011},
  xbibsource = {DBLP, http://dblp.uni-trier.de}
}

@inproceedings{Kappes-12,
  author    = {J{\"o}rg Hendrik Kappes and Bogdan Savchynskyy and Christoph Schn{\"o}rr}, 
  title     = {A bundle approach to efficient {MAP}-inference by {L}agrangian relaxation},
  booktitle = CVPR,
  year      = {2012},
  pages     = {1688-1695},
  ee        = {http://doi.ieeecomputersociety.org/10.1109/CVPR.2012.6247863},
  xcrossref  = {DBLP:conf/cvpr/2012},
  xbibsource = {DBLP, http://dblp.uni-trier.de}
}

@inproceedings{Komodakis-subgradient,
        AUTHOR = "Komodakis, N. and Paragios, N. and Tziritas, G.",
        TITLE = "{MRF} Optimization via Dual Decomposition: Message-Passing Revisited",
        BOOKTITLE = ICCV,
        YEAR = "2007",
        pages = "1-8",
        xBIBSOURCE = "http://www.visionbib.com/bibliography/image-proc115.html#TT7892"
        }



@article{Kolmogorov02:regular-pami,
        AUTHOR = "Kolmogorov, V. and Zabih, R.",
        TITLE = "What Energy Functions Can Be Minimized via Graph Cuts?",
        JOURNAL = PAMI,
        VOLUME = "26",
        YEAR = "2004",
        NUMBER = "2",
        MONTH = "February",
        PAGES = "147-159",
}

@article{Ishikawa03,
  author    = {Hiroshi Ishikawa},
  title     = {Exact Optimization for {M}arkov Random Fields with Convex
               Priors.},
  journal   = PAMI,
  volume    = {25},
  number    = {10},
  year      = {2003},
  pages     = {1333-1336}
}

@inproceedings{Komodakis-05-primal-dual,
 author = {Nikos Komodakis and Georgios Tziritas},
 title = {A New Framework for Approximate Labeling via Graph Cuts},
 booktitle = ICCV,
 year = {2005},
 pages = {1018--1025},
 xpublisher = {IEEE Computer Society},
 xaddress = {Washington, DC, USA},
}

@inproceedings{DSchlesinger-07-permuted,
title = {Exact Solution of Permuted Submodular MinSum Problems.},
author = {Dmitrij Schlesinger},
booktitle = EMMCVPR,
xcrossref = {conf/emmcvpr/2007},
editor = {Alan L. Yuille and Song Chun Zhu and Daniel Cremers and Yongtian Wang},
pages = {28-38},
publisher = {Springer},
series = {Lecture Notes in Computer Science},
url = {http://dblp.uni-trier.de/db/conf/emmcvpr/emmcvpr2007.html#Schlesinger07},
volume = {4679},
year = {2007},
description = {dblp},
xee = {http://dx.doi.org/10.1007/978-3-540-74198-5_3}, 
isbn = {978-3-540-74195-4}, 
keywords = {dblp }
} 

@article{Wainwright-MAP,
        AUTHOR = "Wainwright, M.J. and Jaakkola, T.S. and Willsky, A.S.",
        TITLE = "{MAP} Estimation via Agreement on (Hyper)Trees: Message-Passing and Linear-Programming Approaches",
        JOURNAL = IT,
        VOLUME = "51",
        YEAR = "2005",
        NUMBER = "11",
        MONTH = "November",
        xPAGES = "3697-3717",
}

@Book{Lauritzen96,
author =      {Lauritzen, Steffen L.},
title =       {Graphical Models},
publisher =   {Oxford Science Publications},
year =        {1998},
isbn =        {0-19-852219-3},
series =      {Oxford Statistical Science Series},
number =      {17},
hardcopy =    {CMP.book.A381},
signature =   {2005-1074},
pincode =     {3102002078},
}

@InProceedings{Kohli-Torr-05-dynamic,
	author = {Kohli, P. and Torr, P.H.S.},
	title = {Efficiently Solving Dynamic {M}arkov Random Fields Using Graph Cuts},
	booktitle = ICCV,
	volume = {2},
	pages = {922-929},
	year = {2005},
}

@InProceedings{Szeliski06-MRF,
  AUTHOR = {Richard Szeliski and Ramin Zabih and Daniel Scharstein and Olga Veksler and Vladimir Kolmogorov and Aseem Agarwala and Marshall Tappen and Carsten Rother},
  TITLE="A Comparative Study of Energy Minimization Methods for {M}arkov Random Fields",
  booktitle=ECCV,
  year="2006",
  volume="1"
}

@Article{Werner-PAMI07,
  UPDATE  = { 2007-07-24 },
  author =       {Werner, Tom{\'a}{\v s}},
  title =        {A Linear Programming Approach to Max-sum Problem: {A} Review},
  journal =      PAMI,
  year =         {2007},
  volume =       {29},
  number =       {7},
  xpages =        {1165--1179},
  xmonth =        {July},
  xpublisher =    {IEEE Computer Society},
  xaddress =      {Los Alamitos, USA}
}

@InProceedings{Rother:CVPR07,
  author =   {C. Rother and V. Kolmogorov and V. Lempitsky and M. Szummer},
  title =    {Optimizing binary {MRF}s via extended roof duality},
  booktitle = CVPR,
  year =     2007
}

@article {Koster-98,
	author = "Koster, Arie M.C.A. and Hoesel, S.P.M.V. and Kolen, A.W.J.",
	title = "The partial constraint satisfaction problem: Facets and lifting theorems",
	journal = "Operations Research Letters",
	volume = "23",
	year = "1998",
	pages = "89-97(9)"
}


@InProceedings{Chekuri-01,
author = {Chandra Chekuri and Sanjeev Khanna and Joseph Naor and Leonid Zosin},
title= {Approximation algorithms for the metric labeling problem via a new linear programming formulation},
booktitle={In Symposium on Discrete Algorithms},
pages ={109-118},
year= {2001}
}



@String{j-SIAM-J-DISCR-MATH     = "SIAM Journal on Discrete Mathematics"}

@Article{Chekuri:2005:LPF,
  author =       "C. Chekuri and S. Khanna and J. Naor and L. Zosin",
  title =        "A Linear Programming Formulation and Approximation
                 Algorithms for the Metric Labeling Problem",
  journal =      j-SIAM-J-DISCR-MATH,
  volume =       "18",
  number =       "3",
  pages =        "608--625",
  year =         "2005",
  CODEN =        "SJDMEC",
  bibdate =      "Sat Apr 16 11:16:35 MDT 2005",
}


@ARTICLE{Kolmogorov-Rother-07-QBPO-pami,
  AUTHOR="Vladimir Kolmogorov and Carsten Rother",
  TITLE="Minimizing non-submodular functions with graph cuts -- a review",
  journal=PAMI,
  year="2007",
  month="accepted",
}

@ARTICLE{Kolmogorov-06-convergent-pami,
  AUTHOR="Vladimir Kolmogorov",
  TITLE="Convergent Tree-reweighted Message Passing for Energy Minimization",
  journal="PAMI",
  year="2006",
  month="october",
  volume="28(10)",
  xpages="1568-1583"
}


@TechReport{DSchlesinger-K2,
  IS = {TUD-FI06-01},
  UPDATE  = { 2005-10-03 },
  author =       {Dmitrij Schlesinger and Boris Flach},
  title =        {Transforming an arbitrary MinSum problem into a binary one},
  institution =  {Dresden University of Technology},
  year =         {2006},
  month =        {April},
  xtype =         {Research Report},
  number =       {{TUD-FI06-01}},
}

@inproceedings{Kolmogorov-05-opt,
 author = {V. N. Kolmogorov and M. J. Wainwright},
 title = {On optimality of tree-reweighted max-product message-passing}, 
 booktitle = "Uncertainty in Artificial Intelligence",
 month="July",
 year="2005",
 xaddress="Edinburgh, Scotland"
} 

@inproceedings{Rother-05-tapestry,
 author = {Carsten Rother and Sanjiv Kumar and Vladimir Kolmogorov and Andrew Blake},
 title = {Digital Tapestry},
 booktitle = CVPR,
 year = {2005},
 isbn = {0-7695-2372-2},
 pages = {589--596},
 doi = {http://dx.doi.org/10.1109/CVPR.2005.130},
 publisher = {IEEE Computer Society},
 address = {Washington, DC, USA},
 }


@incollection{Wainwright03nips, 
	author = "Martin Wainwright and Tommi Jaakkola and Alan Willsky", 
	title = "Exact {MAP} Estimates by (Hyper)tree Agreement", 
	original = "psgz/AA42.ps.gz", 
	booktitle = "Advances in Neural Information Processing Systems 15", 
	editor = "S. Becker, S. Thrun and K. Obermayer", 
	publisher = "MIT Press",
	pages = "809-816", 
	year = "2003"}

@InProceedings{kolmogorov05aistas,
	title ={Convergent tree-reweighted message passing for energy minimization}, 
	pages = {182-189}, 
	author = {Vladimir Kolmogorov}, 
	booktitle = {AI and Statistics},
	editor = {Robert G. Cowell and Zoubin Ghahramani}, 
	year = {2005}, 
	publisher = {Society for Artificial Intelligence and Statistics}
	}

@article{freytutorial,
 author = {Nebojsa Jojic},
 xnote = {Senior Member-Brendan J. Frey},
 title = {A Comparison of Algorithms for Inference and Learning in Probabilistic Graphical Models},
 journal = PAMI,
 volume = {27},
 number = {9},
 year = {2005},
 xxissn = {0162-8828},
 pages = {1392--1416},
 xxdoi = {http://dx.doi.org/10.1109/TPAMI.2005.169},
 publisher = {IEEE Computer Society},
 address = {Washington, DC, USA},
 }


@TECHREPORT{Kolmogorov04,
  AUTHOR="Vladimir Kolmogorov",
  TITLE="Convergent tree-reweighted message passing for energy minimization",
  institution="Microsoft Research Cambridge",
  year="2004",
  number="{MSR-TR-2004-90}",
  month="September"
}

@TECHREPORT{Wainwright03,
  AUTHOR="Martin J. Wainwright and Tommi S. Jaakkola and Alan S. Willsky",
  TITLE="{MAP} estimation via agreement on (hyper) trees: Message-passing and linear programming approaches",
  institution="University of California, Computer Science Division (EECS)",
  year="2003",
  number="{MSR-TR-2004-90}",
  month="UCB/CSD-3-1269"
}

@ARTICLE{Iwata00,
  AUTHOR="Satoru Iwata and Lisa Fleischer and Satoru Fujishige",
  TITLE="A Combinatorial, Strongly Polynomial-Time Algorithm for Minimizing Submodular Functions",
  journal="Journal of the {ACM}",
  year="2001",
  number="48",
  volume="4",
  pages="761-777",
  url="http://www.andrew.cmu.edu/user/lkf/papers/sfm.pdf"
}


@ARTICLE{Schrijver00,
  AUTHOR="A. Schrijver",
  TITLE="A combinatorial algorithm minimizing submodular functions in strongly polynomial time",
  journal="Journal of Combinatorial Theory",
  year="2000",
  number="80",
  volume="Series B",
  pages="346--355",
  url="http://homepages.cwi.nl/~lex/files/minsubm6.ps"
}

@Article{Grotschel81a,
  author       = "Martin Gr{\"o}tschel and L{\'a}szlo Lov{\'a}sz and Alexander Schrijver",
  title        = "{The ellipsoid method and its consequences in combinatorial optimization}",
  journal      = "IIASA Collab. Proceedings Ser. CP-81-S1",
  pages        = "511--546",
  year         = "1981",
  classmath    = "*90C10 68Q25 05C70 05B40 05B35",
  language     = "English",
  url="http://www.zib.de/groetschel/pubnew/paper/groetschellovaszschrijver1981b.djvu"
}

@Article{Grotschel81b,
  author       = "Martin Gr{\"o}tschel and William R. Pulleyblank",
  title        = "{Weakly bipartite graphs and the max-cut problem}",
  journal      = "Operations Research Letters",
  volume       = "1",
  number       = "1",
  pages        = "23--27",
  year         = "1981",
  classmath    = "*90C35 05C38 68Q25",
  language     = "English",
  url="http://www.zib.de/groetschel/pubnew/paper/groetschellovaszschrijver1981b.djvu"
}

@TECHREPORT{Yedidia01,
  AUTHOR="Jonathan S. Yedidia and William T. Freeman and Yair Weiss",
  TITLE="Bethe free energy, Kikuchi approximations, and belief propagation algorithms.",
  institution="MITSUBISHI ELECTRIC RESEARCH LABORATORIES",
  year="2001",
  number="TR-2001-16",
  month="May",
  url="http://www.merl.com/reports/docs/TR2001-16.pdf"
}

@inproceedings{Boykov01a,
    author = "Yuri Boykov and Vladimir Kolmogorov",
    title = "An Experimental Comparison of Min-cut/Max-flow Algorithms for Energy Minimization in Vision",
    booktitle = EMMCVPR,
    pages = "359-374",
    year = "2001",
    url="http://www.csd.uwo.ca/faculty/yuri/Papers/pami04.pdf"
}
    
@Inproceedings{Boykov99,
  author = 	 "Y. Boykov and O. Veksler and R. Zabih",
  title = 	 "Fast approximate energy minimization via graph cuts",
  booktitle =ICCV,
  year = 	 "1999",
  pages =	 "377-384",
  volume="1",
  url="http://www.csd.uwo.ca/faculty/yuri/Papers/iccv99.pdf"
}

@inproceedings{Boykov04,
	author={Yuri Boykov and Vladimir Kolmogorov },
	title={An Experimental Comparison of Min-Cut/Max-Flow Algorithms for Energy Minimization in Vision },
	booktitle={PAMI},
	volume={26},
	pages={1124-1137},
	month={Sept},
	year={2004},
	url={http://www.csd.uwo.ca/faculty/yuri/Papers/pami04.pdf}
	}
	
@Article{Greig89,
  author = 	 {D.M. Greig and B.T. Porteous and A.H. Seheult},
  title = 	 {Exact Maximum A Posteriori Estimation for Binary Images},
  journal = 	 {Journal of the Royal Statistical Society, Series {B}},
  year = 	 {1989},
  volume =	 {51},
  number =	 {2},
  pages =	 {271-279},
}


@Inproceedings{Ishikawa98,
  author = 	 "Hiroshi Ishikawa and Davi Geiger",
  title = 	 "Segmentation by grouping junctions",
  booktitle = CVPR,
  year = 	 "1998"
}

@InProceedings{Kolmogorov02:regular,
  author = 	 {V. Kolmogorov and R. Zabih},
  title = 	 {What Energy Functions Can Be Minimized via
                  Graph Cuts},
  booktitle = 	 {ECCV 2002},
  pages = 	 {65-81},
  year = 	 {2002},
  blablaeditor = 	 {A. Heyden et al.},
  number = 	 {2352},
  series = 	 {LNCS},
  xaddress = 	 {Berlin Heidelberg},
  xpublisher = {Springer-Verlag},
}

@inproceedings{Rother04,
  author = {Rother, Carsten and Kolmogorov, Vladimir and Blake, Andrew},
  ee = {http://doi.acm.org/10.1145/1015706.1015720},
  journal = {{ACM} Transactions on Graphics ({SIGGRAPH})},
  number = 3,
  pages = {309-314},
  title = {{GrabCut}: interactive foreground extraction using iterated graph cuts},
  url = {http://dblp.uni-trier.de/db/journals/tog/tog23.html#RotherKB04},
  volume = 23,
  year = 2004
}

@INPROCEEDINGS{Boykov00,
	AUTHOR="Yuri Boykov and Marie-Pierre Jolly",
  TITLE="Interactive Organ Segmentation Using Graph Cuts.",
  booktitle="Medical Image Computing and Computer-Assisted Intervention {(MICCAI)}",
  year="2000",
  pages="276-286",
  month="October",
  url="http://www.csd.uwo.ca/faculty/yuri/Papers/miccai00.pdf"
}

@Article{Boykov01PAMI,
   author   = "Boykov, Y. and Veksler, O. and Zabih, R.",
   title    = "Fast Approximate Energy Minimization via Graph Cuts",
   journal  = PAMI,
   volume   = "23",
   number   = "11",
   year     = "2001",
   pages    = "1222-1239"
}

@INPROCEEDINGS{Boykov01b,
	AUTHOR="Yuri Boykov and Marie-Pierre Jolly",
  TITLE="Interactive Graph Cuts for Optimal Boundary \& Region Segmentation of Objects in N-D Images",
  booktitle=ICCV,
  year="2001",
  pages="105--112",
  volume="1",
  month="",
  url="http://www.csd.uwo.ca/faculty/yuri/Papers/iccv01.pdf"
}


@inproceedings{Roy00,
 AUTHOR = "Roy, S. and Govindu, V.",
 title = {{MRF} Solutions for Probabilistic Optical Flow Formulations},
 booktitle = {International Conference on Pattern Recognition},
 year = {2000},
 pages = {7053},
 volume = {3},
 publisher = {IEEE Computer Society},
 xxaddress = {Washington, DC, USA},
 }

@INPROCEEDINGS{Boykov98,
	AUTHOR="Yuri Boykov and Olga Veksler and Ramin Zabih",
  TITLE="{M}arkov Random Fields with Efficient Approximations",
  booktitle=CVPR,
  year="1998",
  pages="648--655",
  month="",
  url="http://www.csd.uwo.ca/faculty/yuri/Papers/cvpr98.pdf"
}

@techreport{BoykovVekslerZabih98,
	author={Yuri Boykov, Olga Veksler, Ramin Zabih},
	title={Efficient Restoration of Multicolor Images with Independent Noise},
	institution={ncstrl.cornell},
	number={{TR98-1712}},
	year={1998},
	url={http://www.csd.uwo.ca/faculty/yuri/Papers/jrssb98.pdf}
}


@INPROCEEDINGS{Flach00,
	AUTHOR="Boris Flach and Michail I. Schlesinger",
  TITLE="A Class of Solvable Consistent Labeling Problems",
  booktitle="Advances in Pattern Recognition, LNCS",
  year="2000",
  volume="1876",
  pages="462--471",
  month="",
  url="http://www.ki.inf.tu-dresden.de/~bflach/parts/data/closedp.ps"
}


@ARTICLE{Stoer97,
  AUTHOR="Mechthild Stoer and Frank Wagner",
  TITLE="A simple min-cut algorithm",
  journal="Journal of the {ACM}",
  year="1997",
  number="44",
  volume="4",
  pages="585-591",
  month="July",
  url=""
}

@article{Kwatra-Schodl03,
  added-at = {2008-10-14T18:05:09.000+0200},
  author = {Kwatra, Vivek and Schodl, Arno and Essa, Irfan and Turk, Greg and Bobick, Aaron},
  biburl = {http://www.bibsonomy.org/bibtex/2c7499744314edfad860167a391602c70/akpeker},
  journal = {{ACM} Transactions on Graphics, {SIGGRAPH}},
  keywords = {graphcut image imported texture video},
  month = {July},
  number = 3,
  pages = {277-286},
  timestamp = {2008-10-14T18:05:09.000+0200},
  title = {Graphcut Textures: Image and Video Synthesis Using Graph Cuts},
  volume = 22,
  year = 2003
}


@article{Ye91,
author = {Y. Ye},
title="{An $O(n^3L)$ potential reduction algorithm for linear programming}",
journal={Mathematical programming},
number={50},
pages={239-258},
year={1991}
}


@inproceedings{KolmogorovWainwright05Optimality,
author={Vladimir Kolmogorov and Martin Wainwright},
title={On the Optimality of Tree-reweighted Max-product Message Passing},
booktitle={Uncertainty in Artificial Intelligence (UAI)},
month={July},
year={2005}
}

@TechReport{Werner-TR-05,
  IS = { zkontrolovano 30 Dec 2005 },
  UPDATE  = { 2005-10-03 },
  author =       {Werner, Tom{\'a}{\v s}},
  title =        {A Linear Programming Approach to Max-sum Problem: {A} review},
  institution =  {Center for Machine Perception, Czech Technical University},
  xaddress =      {Prague, Czech Republic},
  year =         {2005},
  month =        {Dec.},
  xtype =         {Research Report},
  number =       {{CTU--CMP--2005--25}},
  xissn =         {1213-2365},
  pages =        {40}
}

@inproceedings{Sinha2014,
 author = {Sinha, Sudipta Narayan and Scharstein, Daniel and Szeliski, Richard},
 title = {Efficient High-Resolution Stereo Matching Using Local Plane Sweeps},
 booktitle = {CVPR},
 year = {2014},
 isbn = {978-1-4799-5118-5},
 xpages = {1582--1589},
 xnumpages = {8},
 url = {http://dx.doi.org/10.1109/CVPR.2014.205},
 doi = {10.1109/CVPR.2014.205},
 acmid = {2680112},
 xpublisher = {IEEE Computer Society},
 xaddress = {Washington, DC, USA},
 keywords = {stereo matching, plane sweep, semi-global matching},
}

@InProceedings{Taniai2014,
author = {Taniai, Tatsunori and Matsushita, Yasuyuki and Naemura, Takeshi},
title = {Graph Cut based Continuous Stereo Matching using Locally Shared Labels},
booktitle = {CVPR},
month = {June},
year = {2014}
} 

@INPROCEEDINGS{Menze2015GCPR,
  author = {Moritz Menze and Christian Heipke and Andreas Geiger},
  title = {Discrete Optimization for Optical Flow},
  booktitle = {GCPR},
  year = {2015}
} 


@article{Hosni-13,
  author = {Hosni, Asmaa and Rhemann, Christoph and Bleyer, Michael and Rother, Carsten and Gelautz, Margrit},
  ee = {http://doi.ieeecomputersociety.org/10.1109/TPAMI.2012.156},
  journal = {PAMI},
  number = 2,
  xpages = {504-511},
  title = {Fast Cost-Volume Filtering for Visual Correspondence and Beyond},
  url = {http://dblp.uni-trier.de/db/journals/pami/pami35.html#HosniRBRG13},
  volume = 35,
  year = 2013
}

@INPROCEEDINGS{Bleyer-08,
    author = {Michael Bleyer and Margrit Gelautz},
    title = {Simple but effective tree structures for dynamic programming-based stereo matching},
    booktitle = {VISAPP},
    year = {2008},
    xpages = {415--422}
}

@inproceedings{Facciolo-15,
	title={{MGM}: A Significantly More Global Matching for Stereovision},
	author={Gabriele Facciolo and Carlo de Franchis and Enric Meinhardt},
	year={2015},
	month={September},
	xpages={90.1-90.12},
	xarticleno={90},
	xnumpages={12},
	booktitle={BMVC},
	xpublisher={BMVA Press},
	xeditor={Xianghua Xie, Mark W. Jones, and Gary K. L. Tam},
	doi={10.5244/C.29.90},
	xisbn={1-901725-53-7},
	url={https://dx.doi.org/10.5244/C.29.90}
}

@incollection{Brox-06,
year={2006},
isbn={978-3-540-33832-1},
booktitle={ECCV},
volume={3951},
xseries={Lecture Notes in Computer Science},
xeditor={Leonardis, Ale� and Bischof, Horst and Pinz, Axel},
doi={10.1007/11744023_37},
title={Variational Motion Segmentation with Level Sets},
url={http://dx.doi.org/10.1007/11744023_37},
xpublisher={Springer Berlin Heidelberg},
author={Brox, Thomas and Bruhn, Andr�s and Weickert, Joachim},
xpages={471-483},
language={English}
}

@incollection{FusionFlow,
year={2009},
xisbn={978-3-642-03060-4},
booktitle={Statistical and Geometrical Approaches to Visual Motion Analysis},
volume={5604},
xseries={Lecture Notes in Computer Science},
xeditor={Cremers, Daniel and Rosenhahn, Bodo and Yuille, AlanL. and Schmidt, FrankR.},
doi={10.1007/978-3-642-03061-1_1},
title={Discrete-Continuous Optimization for Optical Flow Estimation},
url={http://dx.doi.org/10.1007/978-3-642-03061-1_1},
xpublisher={Springer Berlin Heidelberg},
author={Roth, Stefan and Lempitsky, Victor and Rother, Carsten},
xpages={1-22},
language={English}
}

@Article{Shekhovtsov-Kovtun-Hlavac-08-CVIU,
  author =      {Shekhovtsov, Alexander and Kovtun, Ivan and Hlav{\'a}{\v c}, V{\'a}clav},  
  title =       {Efficient {MRF} Deformation Model for Non-Rigid Image Matching},
  xpages =       {91-99},
  journal =     {CVIU},
  volume =      {112},
  year =        {2008},
  xpublisher =   {ELSEVIER},
}

@article{DBLP:journals/prl/ArashlooK14,
  author    = {Shervin Rahimzadeh Arashloo and
               Josef Kittler},
  title     = {Fast pose invariant face recognition using super coupled multiresolution
               {M}arkov Random Fields on a {GPU}},
  journal   = {Pattern Recognition Letters},
  volume    = {48},
  xpages     = {49--59},
  year      = {2014},
  url       = {http://dx.doi.org/10.1016/j.patrec.2014.05.017},
  doi       = {10.1016/j.patrec.2014.05.017},
  xtimestamp = {Wed, 17 Sep 2014 13:51:56 +0200},
  xbiburl    = {http://dblp.uni-trier.de/rec/bib/journals/prl/ArashlooK14},
  xbibsource = {dblp computer science bibliography, http://dblp.org}
}

@TECHREPORT{TR,
    author = {Authors},
    title = {Parallel Block-Coordinate Algorithms for Discrete Energy Minimization},
    institution = {},
    year = {2015},
    note = {Suppl. Material},
    xnumber = {no number},
}

@incollection{Drory-14,
year={2014},
isbn={978-3-319-11751-5},
booktitle={Pattern Recognition},
volume={8753},
xseries={Lecture Notes in Computer Science},
xeditor={Jiang, Xiaoyi and Hornegger, Joachim and Koch, Reinhard},
doi={10.1007/978-3-319-11752-2_4},
title={Semi-Global Matching: A Principled Derivation in Terms of Message Passing},
url={http://dx.doi.org/10.1007/978-3-319-11752-2_4},
xpublisher={Springer International Publishing},
author={Drory, Amnon and Haubold, Carsten and Avidan, Shai and Hamprecht, FredA.},
xpages={43-53},
xlanguage={English}
}

@inproceedings{Banz-10,
  author = {Banz, Christian and Hesselbarth, Sebastian and Flatt, Holger and Blume, Holger and Pirsch, Peter},
  booktitle = {ICSAMOS},
  xcrossref = {conf/samos/2010ic},
  xeditor = {Kurdahi, Fadi J. and Takala, Jarmo},
  ee = {http://dx.doi.org/10.1109/ICSAMOS.2010.5642077},
  xisbn = {978-1-4244-7937-5},
  keywords = {dblp},
  xpages = {93-101},
  xpublisher = {IEEE},
  title = {Real-time stereo vision system using semi-global matching disparity estimation: Architecture and {FPGA}-implementation.},
  url = {http://dblp.uni-trier.de/db/conf/samos/samos2010ic.html#BanzHFBP10},
  year = 2010
}


@article{hirschmuller2011semi,
  title={Semi-global matching-motivation, developments and applications},
  author={Hirschmuller, Heiko},
  year={2011},
  publisher={hgpu. org}
}
