% @string{PAMI = "{IEEE} Transactions on Pattern Analysis and Machine Intelligence"}
% @string{IT = "{IEEE} Transactions on Information Theory"}
% @string{ECCV = "European Conference on Computer Vision"}
% @string{ICCV = "International Conference on Computer Vision"}
% @string{EMMCVPR = "International Conference on Energy Minimization Methods in Computer Vision and Pattern Recognition"}
% @string{CVPR = "Computer Vision and Pattern Recognition Conference"}
% @string{BMVC = "BRITISH MACHINE VISION CONFERENCE"}
% @string{ACCV = "Asian conference on Computer Vision"}
% @string{ICML = "International Conference on Machine Learning"}
% @string{NIPS = "Advances in Neural Information Processing Systems"}
% @string{CoRR = "Computing Research Repository"}

@string{PAMI = "PAMI"}
@string{CVIU = "CVIU"}
@string{IT = "{IEEE} Transactions on Information Theory"}
@string{ECCV = "ECCV"}
@string{ICCV = "ICCV"}
@string{EMMCVPR = "EMMCVPR"}
@string{CVPR = "CVPR"}
@string{BMVC = "BMVC"}
@string{ACCV = "ACCV"}
@string{ICML = "ICML"}
@string{NIPS = "NIPS"}
@string{CoRR = "Computing Research Repository"}