@inproceedings{Bar-Yehuda:1982:AVC:800070.802205,
 author = {Bar-Yehuda, R. and Even, S.},
 title = {On Approximating a Vertex Cover for Planar Graphs},
 booktitle = {Proceedings of the Fourteenth Annual ACM Symposium on Theory of Computing},
 series = {STOC '82},
 year = {1982},
 isbn = {0-89791-070-2},
 location = {San Francisco, California, USA},
 pages = {303--309},
 numpages = {7},
 url = {http://doi.acm.org/10.1145/800070.802205},
 doi = {10.1145/800070.802205},
 acmid = {802205},
 publisher = {ACM},
 address = {New York, NY, USA},
} 

@inproceedings{kohli2008partial,
  title={On partial optimality in multi-label MRFs},
  author={Kohli, Pushmeet and Shekhovtsov, Alexander and Rother, Carsten and Kolmogorov, Vladimir and Torr, Philip},
  booktitle={Proceedings of the 25th international conference on Machine learning},
  pages={480--487},
  year={2008},
  organization={ACM}
}

@inproceedings{liu2010single,
  title={Single image depth estimation from predicted semantic labels},
  author={Liu, Beyang and Gould, Stephen and Koller, Daphne},
  booktitle={Computer Vision and Pattern Recognition (CVPR), 2010 IEEE Conference on},
  pages={1253--1260},
  year={2010},
  organization={IEEE}
}

@article{forney1973viterbi,
  title={The viterbi algorithm},
  author={Forney Jr, G David},
  journal={Proceedings of the IEEE},
  volume={61},
  number={3},
  pages={268--278},
  year={1973},
  publisher={IEEE}
}

@inproceedings{barbu2009learning,
  title={Learning real-time MRF inference for image denoising},
  author={Barbu, Andrei},
  booktitle={Computer Vision and Pattern Recognition, 2009. CVPR 2009. IEEE Conference on},
  pages={1574--1581},
  year={2009},
  organization={IEEE}
}

@inproceedings{kumar2014rounding,
  title={Rounding-based moves for metric labeling},
  author={Kumar, M Pawan},
  booktitle={Advances in Neural Information Processing Systems},
  pages={109--117},
  year={2014}
}

@inproceedings{veksler2007graph,
  title={Graph cut based optimization for MRFs with truncated convex priors},
  author={Veksler, Olga},
  booktitle={Computer Vision and Pattern Recognition, 2007. CVPR'07. IEEE Conference on},
  pages={1--8},
  year={2007},
  organization={IEEE}
}

@inproceedings{ramalingam2008exact,
  title={Exact inference in multi-label CRFs with higher order cliques},
  author={Ramalingam, Srikumar and Kohli, Pushmeet and Alahari, Karteek and Torr, Philip HS},
  booktitle={Computer Vision and Pattern Recognition, 2008. CVPR 2008. IEEE Conference on},
  pages={1--8},
  year={2008},
  organization={IEEE}
}

@article{kolmogorov2004energy,
  title={What energy functions can be minimized via graph cuts?},
  author={Kolmogorov, Vladimir and Zabin, Ramin},
  journal={Pattern Analysis and Machine Intelligence, IEEE Transactions on},
  volume={26},
  number={2},
  pages={147--159},
  year={2004},
  publisher={IEEE}
}

@article{kwisthout2015tree,
  title={Tree-width and the computational complexity of map approximations in Bayesian networks},
  author={Kwisthout, Johan},
  journal={Journal of Artificial Intelligence Research},
  pages={699--720},
  year={2015}
}

@inproceedings{ren2012rgb,
  title={RGB-(D) scene labeling: Features and algorithms},
  author={Ren, Xiaofeng and Bo, Liefeng and Fox, Dieter},
  booktitle={Computer Vision and Pattern Recognition (CVPR), 2012 IEEE Conference on},
  pages={2759--2766},
  year={2012},
  organization={IEEE}
}

@article{xu2012motion,
  title={Motion detail preserving optical flow estimation},
  author={Xu, Li and Jia, Jiaya and Matsushita, Yasuyuki},
  journal={Pattern Analysis and Machine Intelligence, IEEE Transactions on},
  volume={34},
  number={9},
  pages={1744--1757},
  year={2012},
  publisher={IEEE}
}

@inproceedings{yang2011articulated,
  title={Articulated pose estimation with flexible mixtures-of-parts},
  author={Yang, Yi and Ramanan, Deva},
  booktitle={Computer Vision and Pattern Recognition (CVPR), 2011 IEEE Conference on},
  pages={1385--1392},
  year={2011},
  organization={IEEE}
}

@inproceedings{prusa2015hard,
  title={How Hard Is the LP Relaxation of the Potts Min-Sum Labeling Problem},
  author={Prusa, Daniel and Werner, Tomas},
  booktitle={Energy Minimization Methods in Computer Vision and Pattern Recognition},
  pages={57--70},
  year={2015},
  organization={Springer}
}

@article{prusa2015universality,
  title={Universality of the local marginal polytope},
  author={Prusa, Daniel and Werner, Tomas},
  journal={Pattern Analysis and Machine Intelligence, IEEE Transactions on},
  volume={37},
  number={4},
  pages={898--904},
  year={2015},
  publisher={IEEE}
}

@inproceedings{finley2008training,
  title={Training structural SVMs when exact inference is intractable},
  author={Finley, Thomas and Joachims, Thorsten},
  booktitle={Proceedings of the 25th international conference on Machine learning},
  pages={304--311},
  year={2008},
  organization={ACM}
}

@article{rother2004grabcut,
  title={Grabcut: Interactive foreground extraction using iterated graph cuts},
  author={Rother, Carsten and Kolmogorov, Vladimir and Blake, Andrew},
  journal={ACM Transactions on Graphics (TOG)},
  volume={23},
  number={3},
  pages={309--314},
  year={2004},
  publisher={ACM}
}

@incollection{schwing2012efficient,
  title={Efficient exact inference for 3d indoor scene understanding},
  author={Schwing, Alexander G and Urtasun, Raquel},
  booktitle={Computer Vision--ECCV 2012},
  pages={299--313},
  year={2012},
  publisher={Springer}
}

@inproceedings{hedau2009recovering,
  title={Recovering the spatial layout of cluttered rooms},
  author={Hedau, Varsha and Hoiem, Derek and Forsyth, David},
  booktitle={Computer vision, 2009 IEEE 12th international conference on},
  pages={1849--1856},
  year={2009},
  organization={IEEE}
}

@inproceedings{bach2015unifying,
  title={Unifying Local Consistency and MAX SAT Relaxations for Scalable Inference with Rounding Guarantees},
  author={Bach, Stephen H and Huang, Bert and Getoor, Lise},
  booktitle={Proceedings of the Eighteenth International Conference on Artificial Intelligence and Statistics},
  pages={46--55},
  year={2015}
}

@book{ausiello1999complexity,
  title={Complexity and approximation: Combinatorial optimization problems and their approximability properties},
  author={Ausiello, Giorgio and Crescenzi, Pierluigi and Gambosi, Giorgio and Kann, Viggo and Marchetti-Spaccamela, Alberto and Protasi, Marco},
  year={1999},
  publisher={Springer}
}

@article{dahlhaus1994complexity,
  title={The complexity of multiterminal cuts},
  author={Dahlhaus, Elias and Johnson, David S. and Papadimitriou, Christos H. and Seymour, Paul D. and Yannakakis, Mihalis},
  journal={SIAM Journal on Computing},
  volume={23},
  number={4},
  pages={864--894},
  year={1994},
  publisher={SIAM}
}

@article{ishikawa2011transformation,
  title={Transformation of general binary MRF minimization to the first-order case},
  author={Ishikawa, Hiroshi},
  journal={Pattern Analysis and Machine Intelligence, IEEE Transactions on},
  volume={33},
  number={6},
  pages={1234--1249},
  year={2011},
  publisher={IEEE}
}

@inproceedings{rother2007optimizing,
  title={Optimizing binary MRFs via extended roof duality},
  author={Rother, Carsten and Kolmogorov, Vladimir and Lempitsky, Victor and Szummer, Martin},
  booktitle={Computer Vision and Pattern Recognition, 2007. CVPR'07. IEEE Conference on},
  pages={1--8},
  year={2007},
  organization={IEEE}
}


@article{orponen1987approximation,
  title={On approximation preserving reductions: complete problems and robust measures},
  author={Orponen, Pekka and Mannila, Heikki},
  year={1987},
  publisher={Citeseer}
}


@article{kappes2015comparative,
  title={A comparative study of modern inference techniques for structured discrete energy minimization problems},
  author={Kappes, J{\"o}rg H and Andres, Bjoern and Hamprecht, Fred A and Schn{\"o}rr, Christoph and Nowozin, Sebastian and Batra, Dhruv and Kim, Sungwoong and Kausler, Bernhard X and Kr{\"o}ger, Thorben and Lellmann, Jan and others},
  journal={International Journal of Computer Vision},
  volume={115},
  issue={2},
  pages={155--184},
  year={2015},
  publisher={Springer}
}


@article{jeavons2014complexity,
  title={The complexity of valued constraint satisfaction},
  author={Jeavons, Peter and Krokhin, Andrei and {\v{Z}}ivn{\`y}, Stanislav and others},
  journal={Bulletin of EATCS},
  volume={2},
  number={113},
  year={2014}
}

@article{ishikawa2003exact,
  title={Exact optimization for {M}arkov random fields with convex priors},
  author={Ishikawa, Hiroshi},
  journal={Pattern Analysis and Machine Intelligence, IEEE Transactions on},
  volume={25},
  number={10},
  pages={1333--1336},
  year={2003},
  publisher={IEEE}
}

@article{boykov2001approximate,
  author = {Yuri Boykov and Olga Veksler and Ramin Zabih},
  title = {Fast Approximate Energy Minimization via Graph Cuts},
  journal = {IEEE Transactions on Pattern Analysis and Machine Intelligence},
  volume = {23},
  issue = {11},
  pages = {1222--1239},
  month = {November},
  year = {2001},
  url = {http://www.csd.uwo.ca/~yuri/Abstracts/pami01-abs.shtml}
}

@misc{Authors14b,
 author = {Authors},
 title = {Frobnication tutorial},
 note = {Supplied as additional material {\tt tr.pdf}},
 year = 2014
}

@article{Alpher02,
author = {A. Alpher},
title = {Frobnication},
journal = {Journal of Foo},
volume = 12, 
number = 1, 
pages = {234--778}, 
year = 2002
}

@article{Alpher03,
author = {A. Alpher and  J.~P.~N. Fotheringham-Smythe},
title = {Frobnication revisited},
journal = {Journal of Foo},
volume = 13, 
number = 1, 
pages = {234--778}, 
year = 2003
}

@article{Alpher04,
author = {A. Alpher and J.~P.~N. Fotheringham-Smythe and G. Gamow},
title = {Can a machine frobnicate?},
journal = {Journal of Foo},
volume = 14, 
number = 1, 
pages = {234--778}, 
year = 2004
}
