@Inbook{Cohen2004,
author="Cohen, David
and Cooper, Martin
and Jeavons, Peter",
editor="Wallace, Mark",
chapter="A Complete Characterization of Complexity for Boolean Constraint Optimization Problems",
title="Principles and Practice of Constraint Programming -- CP 2004: 10th International Conference, CP 2004, Toronto, Canada, September 27 -October 1, 2004. Proceedings",
year="2004",
publisher="Springer Berlin Heidelberg",
address="Berlin, Heidelberg",
pages="212--226",
isbn="978-3-540-30201-8",
doi="10.1007/978-3-540-30201-8_18",
url="http://dx.doi.org/10.1007/978-3-540-30201-8_18"
}

